{
    "2023-03-31": {
        "Tax Effect Of Unusual Items": -525126.138606,
        "Tax Rate For Calcs": 0.298367,
        "Normalized EBITDA": 66728000.0,
        "Total Unusual Items": -1760000.0,
        "Total Unusual Items Excluding Goodwill": -1760000.0,
        "Net Income From Continuing Operation Net Minority Interest": 31838000.0,
        "Reconciled Depreciation": 10830000.0,
        "Reconciled Cost Of Revenue": 453087000.0,
        "EBIT": 54138000.0,
        "Net Interest Income": -6492000.0,
        "Interest Expense": 6492000.0,
        "Normalized Income": 33072873.861394,
        "Net Income From Continuing And Discontinued Operation": 31838000.0,
        "Total Expenses": 493508000.0,
        "Total Operating Income As Reported": 55136000.0,
        "Diluted Average Shares": 63621000.0,
        "Basic Average Shares": 62905000.0,
        "Diluted EPS": 0.5,
        "Basic EPS": 0.51,
        "Diluted NI Availto Com Stockholders": 31838000.0,
        "Net Income Common Stockholders": 31838000.0,
        "Net Income": 31838000.0,
        "Minority Interests": -1592000.0,
        "Net Income Including Noncontrolling Interests": 33430000.0,
        "Net Income Continuous Operations": 33430000.0,
        "Tax Provision": 14216000.0,
        "Pretax Income": 47646000.0,
        "Other Income Expense": -998000.0,
        "Other Non Operating Income Expenses": 762000.0,
        "Special Income Charges": 10000.0,
        "Gain On Sale Of Ppe": 10000.0,
        "Gain On Sale Of Business": 0.0,
        "Earnings From Equity Interest": 455000.0,
        "Gain On Sale Of Security": -1760000.0,
        "Net Non Operating Interest Income Expense": -6492000.0,
        "Interest Expense Non Operating": 6492000.0,
        "Operating Income": 55136000.0,
        "Operating Expense": 40421000.0,
        "Other Operating Expenses": 2935000.0,
        "Other Taxes": NaN,
        "Research And Development": 3014000.0,
        "Selling General And Administration": 34472000.0,
        "Gross Profit": 95557000.0,
        "Cost Of Revenue": 453087000.0,
        "Total Revenue": 548644000.0,
        "Operating Revenue": 548644000.0
    },
    "2022-12-31": {
        "Tax Effect Of Unusual Items": -3128800.0,
        "Tax Rate For Calcs": 0.4,
        "Normalized EBITDA": 52260000.0,
        "Total Unusual Items": -7822000.0,
        "Total Unusual Items Excluding Goodwill": -7822000.0,
        "Net Income From Continuing Operation Net Minority Interest": 42040000.0,
        "Reconciled Depreciation": 10464000.0,
        "Reconciled Cost Of Revenue": 433071000.0,
        "EBIT": 33974000.0,
        "Net Interest Income": -6961000.0,
        "Interest Expense": 6961000.0,
        "Normalized Income": 46733200.0,
        "Net Income From Continuing And Discontinued Operation": 42040000.0,
        "Total Expenses": 468864000.0,
        "Total Operating Income As Reported": 40902000.0,
        "Diluted Average Shares": 64003000.0,
        "Basic Average Shares": 62839000.0,
        "Diluted EPS": 0.66,
        "Basic EPS": 0.67,
        "Diluted NI Availto Com Stockholders": 42040000.0,
        "Net Income Common Stockholders": 42040000.0,
        "Net Income": 42040000.0,
        "Minority Interests": -934000.0,
        "Net Income Including Noncontrolling Interests": 42974000.0,
        "Net Income Continuous Operations": 42974000.0,
        "Tax Provision": -15961000.0,
        "Pretax Income": 27013000.0,
        "Other Income Expense": -6928000.0,
        "Other Non Operating Income Expenses": 894000.0,
        "Special Income Charges": 0.0,
        "Gain On Sale Of Ppe": -40000.0,
        "Gain On Sale Of Business": 0.0,
        "Earnings From Equity Interest": 289000.0,
        "Gain On Sale Of Security": -7822000.0,
        "Net Non Operating Interest Income Expense": -6961000.0,
        "Interest Expense Non Operating": 6961000.0,
        "Operating Income": 40902000.0,
        "Operating Expense": 35793000.0,
        "Other Operating Expenses": 2495000.0,
        "Other Taxes": 0.0,
        "Research And Development": 2812000.0,
        "Selling General And Administration": 30486000.0,
        "Gross Profit": 76695000.0,
        "Cost Of Revenue": 433071000.0,
        "Total Revenue": 509766000.0,
        "Operating Revenue": 509766000.0
    },
    "2022-09-30": {
        "Tax Effect Of Unusual Items": 253186.137115,
        "Tax Rate For Calcs": 0.211341,
        "Normalized EBITDA": 60182000.0,
        "Total Unusual Items": 1198000.0,
        "Total Unusual Items Excluding Goodwill": 1198000.0,
        "Net Income From Continuing Operation Net Minority Interest": 43169000.0,
        "Reconciled Depreciation": 10038000.0,
        "Reconciled Cost Of Revenue": 443089000.0,
        "EBIT": 61380000.0,
        "Net Interest Income": -7221000.0,
        "Interest Expense": 7221000.0,
        "Normalized Income": 42224186.137115,
        "Net Income From Continuing And Discontinued Operation": 43169000.0,
        "Total Expenses": 480231000.0,
        "Total Operating Income As Reported": 50491000.0,
        "Diluted Average Shares": 63229000.0,
        "Basic Average Shares": 62803000.0,
        "Diluted EPS": 0.68,
        "Basic EPS": 0.69,
        "Diluted NI Availto Com Stockholders": 43169000.0,
        "Net Income Common Stockholders": 43169000.0,
        "Net Income": 43169000.0,
        "Minority Interests": 456000.0,
        "Net Income Including Noncontrolling Interests": 42713000.0,
        "Net Income Continuous Operations": 42713000.0,
        "Tax Provision": 11446000.0,
        "Pretax Income": 54159000.0,
        "Other Income Expense": 10889000.0,
        "Other Non Operating Income Expenses": 9691000.0,
        "Special Income Charges": 0.0,
        "Gain On Sale Of Ppe": 74000.0,
        "Gain On Sale Of Business": 0.0,
        "Earnings From Equity Interest": 0.0,
        "Gain On Sale Of Security": 1198000.0,
        "Net Non Operating Interest Income Expense": -7221000.0,
        "Interest Expense Non Operating": 7221000.0,
        "Operating Income": 50491000.0,
        "Operating Expense": 37142000.0,
        "Other Operating Expenses": 3298000.0,
        "Other Taxes": -9593000.0,
        "Research And Development": 2434000.0,
        "Selling General And Administration": 31410000.0,
        "Gross Profit": 87633000.0,
        "Cost Of Revenue": 443089000.0,
        "Total Revenue": 530722000.0,
        "Operating Revenue": 530722000.0
    },
    "2022-06-30": {
        "Tax Effect Of Unusual Items": 498096.0,
        "Tax Rate For Calcs": 0.216,
        "Normalized EBITDA": 104220000.0,
        "Total Unusual Items": 2306000.0,
        "Total Unusual Items Excluding Goodwill": 2306000.0,
        "Net Income From Continuing Operation Net Minority Interest": 67171000.0,
        "Reconciled Depreciation": 10897000.0,
        "Reconciled Cost Of Revenue": 463242000.0,
        "EBIT": 95629000.0,
        "Net Interest Income": -7707000.0,
        "Interest Expense": 7707000.0,
        "Normalized Income": 65363096.0,
        "Net Income From Continuing And Discontinued Operation": 67171000.0,
        "Total Expenses": 480744000.0,
        "Total Operating Income As Reported": 69701000.0,
        "Diluted Average Shares": 63221000.0,
        "Basic Average Shares": 62671000.0,
        "Diluted EPS": 1.06,
        "Basic EPS": 1.07,
        "Diluted NI Availto Com Stockholders": 67171000.0,
        "Net Income Common Stockholders": 67171000.0,
        "Net Income": 67171000.0,
        "Minority Interests": -1750000.0,
        "Net Income Including Noncontrolling Interests": 68921000.0,
        "Net Income Continuous Operations": 68921000.0,
        "Tax Provision": 19001000.0,
        "Pretax Income": 87922000.0,
        "Other Income Expense": 3478000.0,
        "Other Non Operating Income Expenses": 850000.0,
        "Special Income Charges": 72000.0,
        "Gain On Sale Of Ppe": 72000.0,
        "Gain On Sale Of Business": 0.0,
        "Earnings From Equity Interest": 322000.0,
        "Gain On Sale Of Security": 2234000.0,
        "Net Non Operating Interest Income Expense": -7707000.0,
        "Interest Expense Non Operating": 7707000.0,
        "Operating Income": 92151000.0,
        "Operating Expense": 17502000.0,
        "Other Operating Expenses": 3045000.0,
        "Other Taxes": -22450000.0,
        "Research And Development": 2238000.0,
        "Selling General And Administration": 34669000.0,
        "Gross Profit": 109653000.0,
        "Cost Of Revenue": 463242000.0,
        "Total Revenue": 572895000.0,
        "Operating Revenue": 572895000.0
    },
    "2023-06-30": {
        "Tax Effect Of Unusual Items": 14364.0,
        "Tax Rate For Calcs": 0.228,
        "Normalized EBITDA": 57758000.0,
        "Total Unusual Items": 63000.0,
        "Total Unusual Items Excluding Goodwill": 63000.0,
        "Net Income From Continuing Operation Net Minority Interest": 30207000.0,
        "Reconciled Depreciation": 10735000.0,
        "Reconciled Cost Of Revenue": 395281000.0,
        "EBIT": 47086000.0,
        "Net Interest Income": -5762000.0,
        "Interest Expense": 5762000.0,
        "Normalized Income": 30158364.0,
        "Net Income From Continuing And Discontinued Operation": 30207000.0,
        "Total Expenses": 434803000.0,
        "Total Operating Income As Reported": 45898000.0,
        "Diluted Average Shares": 63234000.0,
        "Basic Average Shares": 62931000.0,
        "Diluted EPS": 0.48,
        "Basic EPS": 0.48,
        "Diluted NI Availto Com Stockholders": 30207000.0,
        "Net Income Common Stockholders": 30207000.0,
        "Net Income": 30207000.0,
        "Minority Interests": -1688000.0,
        "Net Income Including Noncontrolling Interests": 31895000.0,
        "Net Income Continuous Operations": 31895000.0,
        "Tax Provision": 9429000.0,
        "Pretax Income": 41324000.0,
        "Other Income Expense": 713000.0,
        "Other Non Operating Income Expenses": 373000.0,
        "Special Income Charges": 61000.0,
        "Gain On Sale Of Ppe": 61000.0,
        "Gain On Sale Of Business": 0.0,
        "Earnings From Equity Interest": 277000.0,
        "Gain On Sale Of Security": 2000.0,
        "Net Non Operating Interest Income Expense": -5762000.0,
        "Interest Expense Non Operating": 5762000.0,
        "Operating Income": 46373000.0,
        "Operating Expense": 39522000.0,
        "Other Operating Expenses": 1921000.0,
        "Other Taxes": -475000.0,
        "Research And Development": 3218000.0,
        "Selling General And Administration": 34858000.0,
        "Gross Profit": 85895000.0,
        "Cost Of Revenue": 395281000.0,
        "Total Revenue": 481176000.0,
        "Operating Revenue": 481176000.0
    },
    "2022-03-31": {
        "Diluted EPS": 0.37,
        "Total Revenue": 556,
        "Gross Profit": 87,
        "Operating Income": 45,
        "EBIT": 56,
        "Net Income": 24
    },
    "2021-12-31": {
        "Diluted EPS": 0.43,
        "Total Revenue": 488,
        "Gross Profit": 63,
        "Operating Income": 24,
        "EBIT": 36,
        "Net Income": 28
    },
    "2021-09-30": {
        "Diluted EPS": 0.18,
        "Total Revenue": 450,
        "Gross Profit": 60,
        "Operating Income": 23,
        "EBIT": 34,
        "Net Income": 11
    },
    "2021-06-30": {
        "Diluted EPS": -0.04,
        "Total Revenue": 439,
        "Gross Profit": 61,
        "Operating Income": 24,
        "EBIT": 36,
        "Net Income": -3
    },
    "2021-03-31": {
        "Diluted EPS": 0.22,
        "Total Revenue": 404,
        "Gross Profit": 53,
        "Operating Income": 14,
        "EBIT": 27,
        "Net Income": 14
    },
    "2020-12-31": {
        "Diluted EPS": -0.28,
        "Total Revenue": 327,
        "Gross Profit": 26,
        "Operating Income": -16,
        "EBIT": -2,
        "Net Income": -17
    },
    "2020-09-30": {
        "Diluted EPS": -0.21,
        "Total Revenue": 305,
        "Gross Profit": 31,
        "Operating Income": -7,
        "EBIT": 6,
        "Net Income": -13
    },
    "2020-06-30": {
        "Diluted EPS": -0.08,
        "Total Revenue": 286,
        "Gross Profit": 30,
        "Operating Income": -3,
        "EBIT": 10,
        "Net Income": -5
    },
    "2020-03-31": {
        "Diluted EPS": -0.42,
        "Total Revenue": 342,
        "Gross Profit": 27,
        "Operating Income": -10,
        "EBIT": 4,
        "Net Income": -25
    },
    "2019-12-31": {
        "Diluted EPS": -0.41,
        "Total Revenue": 302,
        "Gross Profit": 18,
        "Operating Income": -18,
        "EBIT": -4,
        "Net Income": -25
    },
    "2019-09-30": {
        "Diluted EPS": -0.33,
        "Total Revenue": 346,
        "Gross Profit": 27,
        "Operating Income": -13,
        "EBIT": 1,
        "Net Income": -20
    },
    "2019-06-30": {
        "Diluted EPS": -0.12,
        "Total Revenue": 391,
        "Gross Profit": 38,
        "Operating Income": -2,
        "EBIT": 11,
        "Net Income": -7
    },
    "2019-03-31": {
        "Diluted EPS": 0.02,
        "Total Revenue": 410,
        "Gross Profit": 45,
        "Operating Income": 4,
        "EBIT": 19,
        "Net Income": 1
    },
    "2018-12-31": {
        "Diluted EPS": -0.23,
        "Total Revenue": 363,
        "Gross Profit": 37,
        "Operating Income": -1,
        "EBIT": 13,
        "Net Income": -13
    },
    "2018-09-30": {
        "Diluted EPS": -0.03,
        "Total Revenue": 385,
        "Gross Profit": 44,
        "Operating Income": 5,
        "EBIT": 18,
        "Net Income": -2
    },
    "2018-06-30": {
        "Diluted EPS": 0.06,
        "Total Revenue": 429,
        "Gross Profit": 58,
        "Operating Income": 19,
        "EBIT": 34,
        "Net Income": 4
    },
    "2018-03-31": {
        "Diluted EPS": 0.26,
        "Total Revenue": 425,
        "Gross Profit": 60,
        "Operating Income": 19,
        "EBIT": 35,
        "Net Income": 15
    },
    "2017-12-31": {
        "Diluted EPS": -0.55,
        "Total Revenue": 376,
        "Gross Profit": 36,
        "Operating Income": -4,
        "EBIT": 10,
        "Net Income": -33
    },
    "2017-09-30": {
        "Diluted EPS": -0.22,
        "Total Revenue": 371,
        "Gross Profit": 40,
        "Operating Income": -5,
        "EBIT": 10,
        "Net Income": -13
    },
    "2017-06-30": {
        "Diluted EPS": -0.17,
        "Total Revenue": 364,
        "Gross Profit": 44,
        "Operating Income": 4,
        "EBIT": 19,
        "Net Income": -10
    },
    "2017-03-31": {
        "Diluted EPS": -0.18,
        "Total Revenue": 358,
        "Gross Profit": 40,
        "Operating Income": -7,
        "EBIT": 8,
        "Net Income": -11
    },
    "2016-12-31": {
        "Diluted EPS": -0.27,
        "Total Revenue": 307,
        "Gross Profit": 34,
        "Operating Income": -7,
        "EBIT": 8,
        "Net Income": -15
    },
    "2016-09-30": {
        "Diluted EPS": -0.17,
        "Total Revenue": 306,
        "Gross Profit": 35,
        "Operating Income": -6,
        "EBIT": 8,
        "Net Income": -9
    },
    "2016-06-30": {
        "Diluted EPS": -0.1,
        "Total Revenue": 330,
        "Gross Profit": 44,
        "Operating Income": 3,
        "EBIT": 18,
        "Net Income": -5
    },
    "2016-03-31": {
        "Diluted EPS": -0.33,
        "Total Revenue": 322,
        "Gross Profit": 28,
        "Operating Income": -12,
        "EBIT": 4,
        "Net Income": -18
    },
    "2015-12-31": {
        "Diluted EPS": -1.06,
        "Total Revenue": 308,
        "Gross Profit": 15,
        "Operating Income": -21,
        "EBIT": -5,
        "Net Income": -57
    },
    "2015-09-30": {
        "Diluted EPS": -0.79,
        "Total Revenue": 309,
        "Gross Profit": 26,
        "Operating Income": -14,
        "EBIT": 2,
        "Net Income": -43
    },
    "2015-06-30": {
        "Diluted EPS": 0.17,
        "Total Revenue": 376,
        "Gross Profit": 51,
        "Operating Income": 8,
        "EBIT": 26,
        "Net Income": 9
    },
    "2015-03-31": {
        "Diluted EPS": -0.05,
        "Total Revenue": 402,
        "Gross Profit": 43,
        "Operating Income": 1,
        "EBIT": 19,
        "Net Income": -3
    },
    "2014-12-31": {
        "Diluted EPS": -1.58,
        "Total Revenue": 383,
        "Gross Profit": 22,
        "Operating Income": -66,
        "EBIT": -45,
        "Net Income": -86
    },
    "2014-09-30": {
        "Diluted EPS": -0.47,
        "Total Revenue": 450,
        "Gross Profit": 44,
        "Operating Income": -3,
        "EBIT": 18,
        "Net Income": -25
    },
    "2014-06-30": {
        "Diluted EPS": -0.4,
        "Total Revenue": 524,
        "Gross Profit": 21,
        "Operating Income": -29,
        "EBIT": -6,
        "Net Income": -21
    },
    "2014-03-31": {
        "Diluted EPS": 0.02,
        "Total Revenue": 539,
        "Gross Profit": 55,
        "Operating Income": 0,
        "EBIT": 24,
        "Net Income": 2
    },
    "2013-12-31": {
        "Diluted EPS": -0.25,
        "Total Revenue": 494,
        "Gross Profit": 49,
        "Operating Income": 1,
        "EBIT": 25,
        "Net Income": -16
    },
    "2013-09-30": {
        "Diluted EPS": 0.15,
        "Total Revenue": 498,
        "Gross Profit": 63,
        "Operating Income": 17,
        "EBIT": 32,
        "Net Income": 8
    },
    "2013-06-30": {
        "Diluted EPS": 0.4,
        "Total Revenue": 593,
        "Gross Profit": 87,
        "Operating Income": 37,
        "EBIT": 56,
        "Net Income": 23
    },
    "2013-03-31": {
        "Diluted EPS": 0.34,
        "Total Revenue": 578,
        "Gross Profit": 97,
        "Operating Income": 48,
        "EBIT": 68,
        "Net Income": 19
    },
    "2012-12-31": {
        "Diluted EPS": 0.14,
        "Total Revenue": 494,
        "Gross Profit": 52,
        "Operating Income": -1,
        "EBIT": 17,
        "Net Income": 8
    },
    "2012-09-30": {
        "Diluted EPS": 0.39,
        "Total Revenue": 405,
        "Gross Profit": 67,
        "Operating Income": 36,
        "EBIT": 48,
        "Net Income": 20
    },
    "2012-06-30": {
        "Diluted EPS": 0.84,
        "Total Revenue": 459,
        "Gross Profit": 82,
        "Operating Income": 81,
        "EBIT": 93,
        "Net Income": 44
    },
    "2012-03-31": {
        "Diluted EPS": 0.68,
        "Total Revenue": 463,
        "Gross Profit": 93,
        "Operating Income": 59,
        "EBIT": 71,
        "Net Income": 35
    },
    "2011-12-31": {
        "Diluted EPS": 0.33,
        "Total Revenue": 403,
        "Gross Profit": 59,
        "Operating Income": 20,
        "EBIT": 32,
        "Net Income": 14
    },
    "2011-09-30": {
        "Diluted EPS": 0.42,
        "Total Revenue": 399,
        "Gross Profit": 53,
        "Operating Income": 41,
        "EBIT": 53,
        "Net Income": 21
    },
    "2011-06-30": {
        "Diluted EPS": 0.5,
        "Total Revenue": 404,
        "Gross Profit": 64,
        "Operating Income": 44,
        "EBIT": 56,
        "Net Income": 26
    },
    "2011-03-31": {
        "Diluted EPS": -0.07,
        "Total Revenue": 281,
        "Gross Profit": 56,
        "Operating Income": 27,
        "EBIT": 36,
        "Net Income": -3
    },
    "2010-12-31": {
        "Diluted EPS": -0.46,
        "Total Revenue": 233,
        "Gross Profit": 16,
        "Operating Income": -9,
        "EBIT": 1,
        "Net Income": -17
    },
    "2010-09-30": {
        "Diluted EPS": 0.11,
        "Total Revenue": 223,
        "Gross Profit": 28,
        "Operating Income": 13,
        "EBIT": 22,
        "Net Income": 4
    },
    "2010-06-30": {
        "Diluted EPS": 0.12,
        "Total Revenue": 230,
        "Gross Profit": 34,
        "Operating Income": 17,
        "EBIT": 27,
        "Net Income": 5
    },
    "2010-03-31": {
        "Diluted EPS": 0.06,
        "Total Revenue": 196,
        "Gross Profit": 26,
        "Operating Income": 10,
        "EBIT": 19,
        "Net Income": 2
    },
    "2009-12-31": {
        "Diluted EPS": -0.76,
        "Total Revenue": 147,
        "Gross Profit": -1,
        "Operating Income": -30,
        "EBIT": -9,
        "Net Income": -26
    },
    "2009-09-30": {
        "Diluted EPS": -0.32,
        "Total Revenue": 141,
        "Gross Profit": -3,
        "Operating Income": -16,
        "EBIT": -7,
        "Net Income": -11
    },
    "2009-06-30": {
        "Diluted EPS": 0.17,
        "Total Revenue": 207,
        "Gross Profit": 30,
        "Operating Income": 13,
        "EBIT": 21,
        "Net Income": 6
    },
    "2009-03-31": {
        "Diluted EPS": 0.2,
        "Total Revenue": 233,
        "Gross Profit": 30,
        "Operating Income": 14,
        "EBIT": 22,
        "Net Income": 7
    }
}