{
    "2023-03-31": {
        "Tax Effect Of Unusual Items": NaN,
        "Tax Rate For Calcs": NaN,
        "Normalized EBITDA": NaN,
        "Total Unusual Items": -33000.0,
        "Total Unusual Items Excluding Goodwill": -33000.0,
        "Net Income From Continuing Operation Net Minority Interest": NaN,
        "Reconciled Depreciation": NaN,
        "Reconciled Cost Of Revenue": NaN,
        "EBITDA": NaN,
        "EBIT": NaN,
        "Net Interest Income": NaN,
        "Interest Expense": NaN,
        "Normalized Income": NaN,
        "Net Income From Continuing And Discontinued Operation": NaN,
        "Total Expenses": NaN,
        "Total Operating Income As Reported": NaN,
        "Diluted Average Shares": 13662000.0,
        "Basic Average Shares": 13504000.0,
        "Diluted EPS": 0.24,
        "Basic EPS": 0.24,
        "Diluted NI Availto Com Stockholders": NaN,
        "Average Dilution Earnings": NaN,
        "Net Income Common Stockholders": NaN,
        "Otherunder Preferred Stock Dividend": 0.0,
        "Net Income": NaN,
        "Minority Interests": NaN,
        "Net Income Including Noncontrolling Interests": NaN,
        "Net Income Continuous Operations": NaN,
        "Tax Provision": NaN,
        "Pretax Income": NaN,
        "Other Income Expense": NaN,
        "Other Non Operating Income Expenses": NaN,
        "Special Income Charges": -33000.0,
        "Restructuring And Mergern Acquisition": 33000.0,
        "Net Non Operating Interest Income Expense": NaN,
        "Interest Expense Non Operating": NaN,
        "Operating Income": NaN,
        "Operating Expense": NaN,
        "Other Operating Expenses": 1000.0,
        "Selling General And Administration": NaN,
        "Gross Profit": NaN,
        "Cost Of Revenue": NaN,
        "Total Revenue": NaN,
        "Operating Revenue": NaN
    },
    "2022-12-31": {
        "Tax Effect Of Unusual Items": NaN,
        "Tax Rate For Calcs": NaN,
        "Normalized EBITDA": NaN,
        "Total Unusual Items": NaN,
        "Total Unusual Items Excluding Goodwill": NaN,
        "Net Income From Continuing Operation Net Minority Interest": NaN,
        "Reconciled Depreciation": NaN,
        "Reconciled Cost Of Revenue": NaN,
        "EBITDA": NaN,
        "EBIT": NaN,
        "Net Interest Income": NaN,
        "Interest Expense": NaN,
        "Normalized Income": NaN,
        "Net Income From Continuing And Discontinued Operation": NaN,
        "Total Expenses": NaN,
        "Total Operating Income As Reported": NaN,
        "Diluted Average Shares": NaN,
        "Basic Average Shares": NaN,
        "Diluted EPS": NaN,
        "Basic EPS": NaN,
        "Diluted NI Availto Com Stockholders": NaN,
        "Average Dilution Earnings": NaN,
        "Net Income Common Stockholders": NaN,
        "Otherunder Preferred Stock Dividend": NaN,
        "Net Income": NaN,
        "Minority Interests": NaN,
        "Net Income Including Noncontrolling Interests": NaN,
        "Net Income Continuous Operations": NaN,
        "Tax Provision": NaN,
        "Pretax Income": NaN,
        "Other Income Expense": NaN,
        "Other Non Operating Income Expenses": NaN,
        "Special Income Charges": NaN,
        "Restructuring And Mergern Acquisition": NaN,
        "Net Non Operating Interest Income Expense": NaN,
        "Interest Expense Non Operating": NaN,
        "Operating Income": NaN,
        "Operating Expense": NaN,
        "Other Operating Expenses": -4150000.0,
        "Selling General And Administration": NaN,
        "Gross Profit": NaN,
        "Cost Of Revenue": NaN,
        "Total Revenue": NaN,
        "Operating Revenue": NaN
    },
    "2022-09-30": {
        "Tax Effect Of Unusual Items": NaN,
        "Tax Rate For Calcs": NaN,
        "Normalized EBITDA": NaN,
        "Total Unusual Items": NaN,
        "Total Unusual Items Excluding Goodwill": NaN,
        "Net Income From Continuing Operation Net Minority Interest": NaN,
        "Reconciled Depreciation": NaN,
        "Reconciled Cost Of Revenue": NaN,
        "EBITDA": NaN,
        "EBIT": NaN,
        "Net Interest Income": NaN,
        "Interest Expense": NaN,
        "Normalized Income": NaN,
        "Net Income From Continuing And Discontinued Operation": NaN,
        "Total Expenses": NaN,
        "Total Operating Income As Reported": NaN,
        "Diluted Average Shares": NaN,
        "Basic Average Shares": NaN,
        "Diluted EPS": NaN,
        "Basic EPS": NaN,
        "Diluted NI Availto Com Stockholders": NaN,
        "Average Dilution Earnings": 0.0,
        "Net Income Common Stockholders": NaN,
        "Otherunder Preferred Stock Dividend": 0.0,
        "Net Income": NaN,
        "Minority Interests": NaN,
        "Net Income Including Noncontrolling Interests": NaN,
        "Net Income Continuous Operations": NaN,
        "Tax Provision": NaN,
        "Pretax Income": NaN,
        "Other Income Expense": NaN,
        "Other Non Operating Income Expenses": NaN,
        "Special Income Charges": NaN,
        "Restructuring And Mergern Acquisition": NaN,
        "Net Non Operating Interest Income Expense": NaN,
        "Interest Expense Non Operating": NaN,
        "Operating Income": NaN,
        "Operating Expense": NaN,
        "Other Operating Expenses": NaN,
        "Selling General And Administration": NaN,
        "Gross Profit": NaN,
        "Cost Of Revenue": NaN,
        "Total Revenue": NaN,
        "Operating Revenue": NaN
    },
    "2022-06-30": {
        "Tax Effect Of Unusual Items": 4733.896382,
        "Tax Rate For Calcs": 0.00832,
        "Normalized EBITDA": 7898000.0,
        "Total Unusual Items": 569000.0,
        "Total Unusual Items Excluding Goodwill": 569000.0,
        "Net Income From Continuing Operation Net Minority Interest": 7779000.0,
        "Reconciled Depreciation": 2230000.0,
        "Reconciled Cost Of Revenue": 51782000.0,
        "EBITDA": 8467000.0,
        "EBIT": 8467000.0,
        "Net Interest Income": -534000.0,
        "Interest Expense": 534000.0,
        "Normalized Income": 7214733.896382,
        "Net Income From Continuing And Discontinued Operation": 7779000.0,
        "Total Expenses": 68789000.0,
        "Total Operating Income As Reported": 7754000.0,
        "Diluted Average Shares": 13456000.0,
        "Basic Average Shares": 13399000.0,
        "Diluted EPS": 0.58,
        "Basic EPS": 0.58,
        "Diluted NI Availto Com Stockholders": 7779000.0,
        "Net Income Common Stockholders": 7779000.0,
        "Net Income": 7779000.0,
        "Minority Interests": -88000.0,
        "Net Income Including Noncontrolling Interests": 7867000.0,
        "Net Income Continuous Operations": 7867000.0,
        "Tax Provision": 66000.0,
        "Pretax Income": 7933000.0,
        "Other Income Expense": 1282000.0,
        "Other Non Operating Income Expenses": 713000.0,
        "Special Income Charges": 569000.0,
        "Restructuring And Mergern Acquisition": -569000.0,
        "Net Non Operating Interest Income Expense": -534000.0,
        "Interest Expense Non Operating": 534000.0,
        "Operating Income": 7185000.0,
        "Operating Expense": 17007000.0,
        "Other Operating Expenses": -325000.0,
        "Selling General And Administration": 17332000.0,
        "Gross Profit": 24192000.0,
        "Cost Of Revenue": 51782000.0,
        "Total Revenue": 75974000.0,
        "Operating Revenue": 75974000.0
    },
    "2022-03-31": {
        "Diluted EPS": 0.17,
        "Total Revenue": 59,
        "Gross Profit": 18,
        "Operating Income": 3,
        "EBIT": 5,
        "Net Income": 2
    },
    "2021-12-31": {
        "Diluted EPS": -0.29,
        "Total Revenue": 60,
        "Gross Profit": 13,
        "Operating Income": -3,
        "EBIT": -1,
        "Net Income": -4
    },
    "2021-09-30": {
        "Diluted EPS": 0.14,
        "Total Revenue": 48,
        "Gross Profit": 13,
        "Operating Income": 3,
        "EBIT": 6,
        "Net Income": 2
    },
    "2021-06-30": {
        "Diluted EPS": -1.62,
        "Total Revenue": 66,
        "Gross Profit": 18,
        "Operating Income": -5,
        "EBIT": -2,
        "Net Income": -22
    },
    "2021-03-31": {
        "Diluted EPS": 0.01,
        "Total Revenue": 58,
        "Gross Profit": 14,
        "Operating Income": 1,
        "EBIT": 3,
        "Net Income": 0
    },
    "2020-12-31": {
        "Diluted EPS": -0.33,
        "Total Revenue": 49,
        "Gross Profit": 9,
        "Operating Income": -5,
        "EBIT": -2,
        "Net Income": -4
    },
    "2020-09-30": {
        "Diluted EPS": -0.3,
        "Total Revenue": 46,
        "Gross Profit": 10,
        "Operating Income": -3,
        "EBIT": 0,
        "Net Income": -4
    },
    "2020-06-30": {
        "Diluted EPS": -0.14,
        "Total Revenue": 59,
        "Gross Profit": 14,
        "Operating Income": -2,
        "EBIT": 1,
        "Net Income": -2
    },
    "2020-03-31": {
        "Diluted EPS": -1.92,
        "Total Revenue": 69,
        "Gross Profit": 17,
        "Operating Income": -27,
        "EBIT": 4,
        "Net Income": -25
    },
    "2019-12-31": {
        "Diluted EPS": -0.49,
        "Total Revenue": 60,
        "Gross Profit": 16,
        "Operating Income": -5,
        "EBIT": -2,
        "Net Income": -7
    },
    "2019-09-30": {
        "Diluted EPS": -0.48,
        "Total Revenue": 59,
        "Gross Profit": 10,
        "Operating Income": -7,
        "EBIT": -4,
        "Net Income": -6
    },
    "2019-06-30": {
        "Diluted EPS": -0.06,
        "Total Revenue": 72,
        "Gross Profit": 16,
        "Operating Income": 0,
        "EBIT": 3,
        "Net Income": -1
    },
    "2019-03-31": {
        "Diluted EPS": 0.34,
        "Total Revenue": 77,
        "Gross Profit": 23,
        "Operating Income": 7,
        "EBIT": 10,
        "Net Income": 5
    },
    "2018-12-31": {
        "Diluted EPS": 0.31,
        "Total Revenue": 78,
        "Gross Profit": 26,
        "Operating Income": 7,
        "EBIT": 10,
        "Net Income": 4
    },
    "2018-09-30": {
        "Diluted EPS": 0.24,
        "Total Revenue": 75,
        "Gross Profit": 24,
        "Operating Income": 5,
        "EBIT": 8,
        "Net Income": 3
    },
    "2018-06-30": {
        "Diluted EPS": 0.52,
        "Total Revenue": 74,
        "Gross Profit": 28,
        "Operating Income": 9,
        "EBIT": 10,
        "Net Income": 6
    },
    "2018-03-31": {
        "Diluted EPS": 0.37,
        "Total Revenue": 65,
        "Gross Profit": 21,
        "Operating Income": 6,
        "EBIT": 7,
        "Net Income": 4
    },
    "2017-12-31": {
        "Diluted EPS": -0.36,
        "Total Revenue": 57,
        "Gross Profit": 18,
        "Operating Income": 2,
        "EBIT": 4,
        "Net Income": -4
    },
    "2017-09-30": {
        "Diluted EPS": 0.29,
        "Total Revenue": 45,
        "Gross Profit": 14,
        "Operating Income": -1,
        "EBIT": 1,
        "Net Income": 3
    },
    "2017-06-30": {
        "Diluted EPS": 0.1,
        "Total Revenue": 54,
        "Gross Profit": 17,
        "Operating Income": 2,
        "EBIT": 7,
        "Net Income": 1
    },
    "2017-03-31": {
        "Diluted EPS": -0.16,
        "Total Revenue": 45,
        "Gross Profit": 13,
        "Operating Income": -3,
        "EBIT": -2,
        "Net Income": -2
    },
    "2016-12-31": {
        "Diluted EPS": -0.26,
        "Total Revenue": 34,
        "Gross Profit": 9,
        "Operating Income": -4,
        "EBIT": -3,
        "Net Income": -3
    },
    "2016-09-30": {
        "Diluted EPS": -0.24,
        "Total Revenue": 36,
        "Gross Profit": 9,
        "Operating Income": -4,
        "EBIT": -2,
        "Net Income": -3
    },
    "2016-06-30": {
        "Diluted EPS": -0.48,
        "Total Revenue": 43,
        "Gross Profit": 11,
        "Operating Income": -10,
        "EBIT": 0,
        "Net Income": -6
    },
    "2016-03-31": {
        "Diluted EPS": -0.09,
        "Total Revenue": 41,
        "Gross Profit": 10,
        "Operating Income": -5,
        "EBIT": -3,
        "Net Income": -1
    },
    "2015-12-31": {
        "Diluted EPS": -0.21,
        "Total Revenue": 45,
        "Gross Profit": 12,
        "Operating Income": -4,
        "EBIT": -1,
        "Net Income": -2
    },
    "2015-09-30": {
        "Diluted EPS": -0.39,
        "Total Revenue": 37,
        "Gross Profit": 8,
        "Operating Income": -7,
        "EBIT": -4,
        "Net Income": -4
    },
    "2015-06-30": {
        "Diluted EPS": 0.04,
        "Total Revenue": 67,
        "Gross Profit": 20,
        "Operating Income": 0,
        "EBIT": 3,
        "Net Income": 0
    },
    "2015-03-31": {
        "Diluted EPS": 0.26,
        "Total Revenue": 61,
        "Gross Profit": 19,
        "Operating Income": 3,
        "EBIT": 6,
        "Net Income": 3
    },
    "2014-12-31": {
        "Diluted EPS": 0.33,
        "Total Revenue": 73,
        "Gross Profit": 22,
        "Operating Income": 6,
        "EBIT": 8,
        "Net Income": 4
    },
    "2014-09-30": {
        "Diluted EPS": 0.36,
        "Total Revenue": 65,
        "Gross Profit": 22,
        "Operating Income": 6,
        "EBIT": 9,
        "Net Income": 4
    },
    "2014-06-30": {
        "Diluted EPS": 0.2,
        "Total Revenue": 74,
        "Gross Profit": 22,
        "Operating Income": 4,
        "EBIT": 7,
        "Net Income": 2
    },
    "2014-03-31": {
        "Diluted EPS": -0.04,
        "Total Revenue": 61,
        "Gross Profit": 17,
        "Operating Income": 0,
        "EBIT": 2,
        "Net Income": 0
    },
    "2013-12-31": {
        "Diluted EPS": 0.05,
        "Total Revenue": 63,
        "Gross Profit": 19,
        "Operating Income": 1,
        "EBIT": 4,
        "Net Income": 1
    },
    "2013-09-30": {
        "Diluted EPS": 0.11,
        "Total Revenue": 66,
        "Gross Profit": 21,
        "Operating Income": 4,
        "EBIT": 7,
        "Net Income": 1
    },
    "2013-06-30": {
        "Diluted EPS": 0.01,
        "Total Revenue": 76,
        "Gross Profit": 21,
        "Operating Income": 1,
        "EBIT": 4,
        "Net Income": 0
    },
    "2013-03-31": {
        "Diluted EPS": -0.07,
        "Total Revenue": 68,
        "Gross Profit": 18,
        "Operating Income": 0,
        "EBIT": 3,
        "Net Income": -1
    },
    "2012-12-31": {
        "Diluted EPS": 0.29,
        "Total Revenue": 72,
        "Gross Profit": 22,
        "Operating Income": 6,
        "EBIT": 8,
        "Net Income": 3
    },
    "2012-09-30": {
        "Diluted EPS": 0.11,
        "Total Revenue": 69,
        "Gross Profit": 19,
        "Operating Income": 3,
        "EBIT": 5,
        "Net Income": 1
    },
    "2012-06-30": {
        "Diluted EPS": 0.12,
        "Total Revenue": 96,
        "Gross Profit": 28,
        "Operating Income": 5,
        "EBIT": 8,
        "Net Income": 1
    },
    "2012-03-31": {
        "Diluted EPS": 0.86,
        "Total Revenue": 95,
        "Gross Profit": 33,
        "Operating Income": 15,
        "EBIT": 18,
        "Net Income": 10
    },
    "2011-12-31": {
        "Diluted EPS": 0.5,
        "Total Revenue": 83,
        "Gross Profit": 30,
        "Operating Income": 9,
        "EBIT": 12,
        "Net Income": 6
    },
    "2011-09-30": {
        "Diluted EPS": 0.83,
        "Total Revenue": 81,
        "Gross Profit": 31,
        "Operating Income": 15,
        "EBIT": 17,
        "Net Income": 10
    },
    "2011-06-30": {
        "Diluted EPS": 0.58,
        "Total Revenue": 97,
        "Gross Profit": 36,
        "Operating Income": 14,
        "EBIT": 17,
        "Net Income": 7
    },
    "2011-03-31": {
        "Diluted EPS": 0.4,
        "Total Revenue": 76,
        "Gross Profit": 28,
        "Operating Income": 11,
        "EBIT": 13,
        "Net Income": 5
    },
    "2010-12-31": {
        "Diluted EPS": 0.35,
        "Total Revenue": 75,
        "Gross Profit": 24,
        "Operating Income": 5,
        "EBIT": 7,
        "Net Income": 4
    },
    "2010-09-30": {
        "Diluted EPS": 0.24,
        "Total Revenue": 61,
        "Gross Profit": 20,
        "Operating Income": 5,
        "EBIT": 8,
        "Net Income": 3
    },
    "2010-06-30": {
        "Diluted EPS": 0.18,
        "Total Revenue": 64,
        "Gross Profit": 19,
        "Operating Income": 4,
        "EBIT": 7,
        "Net Income": 2
    },
    "2010-03-31": {
        "Diluted EPS": 0.13,
        "Total Revenue": 61,
        "Gross Profit": 17,
        "Operating Income": 2,
        "EBIT": 4,
        "Net Income": 1
    },
    "2009-12-31": {
        "Diluted EPS": -0.04,
        "Total Revenue": 55,
        "Gross Profit": 15,
        "Operating Income": 0,
        "EBIT": 2,
        "Net Income": 0
    },
    "2009-09-30": {
        "Diluted EPS": -0.22,
        "Total Revenue": 47,
        "Gross Profit": 10,
        "Operating Income": -3,
        "EBIT": -1,
        "Net Income": -2
    },
    "2009-06-30": {
        "Diluted EPS": 0.24,
        "Total Revenue": 72,
        "Gross Profit": 19,
        "Operating Income": 5,
        "EBIT": 8,
        "Net Income": 3
    },
    "2009-03-31": {
        "Diluted EPS": 0.26,
        "Total Revenue": 69,
        "Gross Profit": 19,
        "Operating Income": 5,
        "EBIT": 7,
        "Net Income": 3
    },
    "2023-06-30": {
        "Tax Effect Of Unusual Items": 4398.008479,
        "Tax Rate For Calcs": 0.141871,
        "Normalized EBITDA": 13106000.0,
        "Total Unusual Items": 31000.0,
        "Total Unusual Items Excluding Goodwill": 31000.0,
        "Net Income From Continuing Operation Net Minority Interest": 8595000.0,
        "Reconciled Depreciation": 2423000.0,
        "Reconciled Cost Of Revenue": 59177000.0,
        "EBITDA": 13137000.0,
        "EBIT": 10714000.0,
        "Net Interest Income": -571000.0,
        "Interest Expense": 571000.0,
        "Normalized Income": 8568398.008479,
        "Net Income From Continuing And Discontinued Operation": 8595000.0,
        "Total Expenses": 75733000.0,
        "Total Operating Income As Reported": 8222000.0,
        "Diluted Average Shares": 13844000.0,
        "Basic Average Shares": 13508000.0,
        "Diluted EPS": 0.62,
        "Basic EPS": 0.64,
        "Diluted NI Availto Com Stockholders": 8595000.0,
        "Average Dilution Earnings": NaN,
        "Net Income Common Stockholders": 8595000.0,
        "Otherunder Preferred Stock Dividend": NaN,
        "Net Income": 8595000.0,
        "Minority Interests": -109000.0,
        "Net Income Including Noncontrolling Interests": 8704000.0,
        "Net Income Continuous Operations": 8704000.0,
        "Tax Provision": 1439000.0,
        "Pretax Income": 10143000.0,
        "Other Income Expense": 2523000.0,
        "Other Non Operating Income Expenses": 2492000.0,
        "Special Income Charges": 31000.0,
        "Restructuring And Mergern Acquisition": -31000.0,
        "Net Non Operating Interest Income Expense": -571000.0,
        "Interest Expense Non Operating": 571000.0,
        "Operating Income": 8191000.0,
        "Operating Expense": 16556000.0,
        "Other Operating Expenses": 1000.0,
        "Selling General And Administration": 16555000.0,
        "Gross Profit": 24747000.0,
        "Cost Of Revenue": 59177000.0,
        "Total Revenue": 83924000.0,
        "Operating Revenue": 83924000.0
    },
    "2023-09-30": {
        "Tax Effect Of Unusual Items": 0.0,
        "Tax Rate For Calcs": 0.21,
        "Normalized EBITDA": 2345000.0,
        "Total Unusual Items": NaN,
        "Total Unusual Items Excluding Goodwill": NaN,
        "Net Income From Continuing Operation Net Minority Interest": -1173000.0,
        "Reconciled Depreciation": 2488000.0,
        "Reconciled Cost Of Revenue": 46917000.0,
        "EBITDA": 2345000.0,
        "EBIT": -143000.0,
        "Net Interest Income": -394000.0,
        "Interest Expense": 394000.0,
        "Normalized Income": -1173000.0,
        "Net Income From Continuing And Discontinued Operation": -1173000.0,
        "Total Expenses": 63834000.0,
        "Total Operating Income As Reported": -280000.0,
        "Diluted Average Shares": 13527000.0,
        "Basic Average Shares": 13527000.0,
        "Diluted EPS": -0.09,
        "Basic EPS": -0.09,
        "Diluted NI Availto Com Stockholders": -1173000.0,
        "Average Dilution Earnings": 0.0,
        "Net Income Common Stockholders": -1173000.0,
        "Otherunder Preferred Stock Dividend": 0.0,
        "Net Income": -1173000.0,
        "Minority Interests": -90000.0,
        "Net Income Including Noncontrolling Interests": -1083000.0,
        "Net Income Continuous Operations": -1083000.0,
        "Tax Provision": 546000.0,
        "Pretax Income": -537000.0,
        "Other Income Expense": 137000.0,
        "Other Non Operating Income Expenses": 137000.0,
        "Special Income Charges": NaN,
        "Restructuring And Mergern Acquisition": NaN,
        "Net Non Operating Interest Income Expense": -394000.0,
        "Interest Expense Non Operating": 394000.0,
        "Operating Income": -280000.0,
        "Operating Expense": 16917000.0,
        "Other Operating Expenses": NaN,
        "Selling General And Administration": 16917000.0,
        "Gross Profit": 16637000.0,
        "Cost Of Revenue": 46917000.0,
        "Total Revenue": 63554000.0,
        "Operating Revenue": 60726000.0
    },
    "2023-12-31": {
        "Tax Effect Of Unusual Items": -14490.0,
        "Tax Rate For Calcs": 0.21,
        "Normalized EBITDA": 5593000.0,
        "Total Unusual Items": -69000.0,
        "Total Unusual Items Excluding Goodwill": -69000.0,
        "Net Income From Continuing Operation Net Minority Interest": 930000.0,
        "Reconciled Depreciation": 2535000.0,
        "Reconciled Cost Of Revenue": 52338000.0,
        "EBITDA": 5524000.0,
        "EBIT": 2989000.0,
        "Net Interest Income": -392000.0,
        "Interest Expense": 392000.0,
        "Normalized Income": 984510.0,
        "Net Income From Continuing And Discontinued Operation": 930000.0,
        "Total Expenses": 69487000.0,
        "Total Operating Income As Reported": 3438000.0,
        "Diluted Average Shares": 13923000.0,
        "Basic Average Shares": 13718000.0,
        "Diluted EPS": 0.07,
        "Basic EPS": 0.07,
        "Diluted NI Availto Com Stockholders": 930000.0,
        "Average Dilution Earnings": NaN,
        "Net Income Common Stockholders": 930000.0,
        "Otherunder Preferred Stock Dividend": NaN,
        "Net Income": 930000.0,
        "Minority Interests": -5000.0,
        "Net Income Including Noncontrolling Interests": 935000.0,
        "Net Income Continuous Operations": 935000.0,
        "Tax Provision": 1662000.0,
        "Pretax Income": 2597000.0,
        "Other Income Expense": -518000.0,
        "Other Non Operating Income Expenses": -449000.0,
        "Special Income Charges": -69000.0,
        "Restructuring And Mergern Acquisition": 69000.0,
        "Net Non Operating Interest Income Expense": -392000.0,
        "Interest Expense Non Operating": 392000.0,
        "Operating Income": 3507000.0,
        "Operating Expense": 17149000.0,
        "Other Operating Expenses": NaN,
        "Selling General And Administration": 17149000.0,
        "Gross Profit": 20656000.0,
        "Cost Of Revenue": 52338000.0,
        "Total Revenue": 72994000.0,
        "Operating Revenue": 72994000.0
    },
    "2024-03-31": {
        "Tax Effect Of Unusual Items": -12927.0,
        "Tax Rate For Calcs": 0.093,
        "Normalized EBITDA": 7174000.0,
        "Total Unusual Items": -139000.0,
        "Total Unusual Items Excluding Goodwill": -139000.0,
        "Net Income From Continuing Operation Net Minority Interest": 3822000.0,
        "Reconciled Depreciation": 2474000.0,
        "Reconciled Cost Of Revenue": 53221000.0,
        "EBITDA": 7035000.0,
        "EBIT": 4561000.0,
        "Net Interest Income": -263000.0,
        "Interest Expense": 263000.0,
        "Normalized Income": 3948073.0,
        "Net Income From Continuing And Discontinued Operation": 3822000.0,
        "Total Expenses": 70420000.0,
        "Total Operating Income As Reported": 3602000.0,
        "Diluted Average Shares": 13904000.0,
        "Basic Average Shares": 13742000.0,
        "Diluted EPS": 0.27,
        "Basic EPS": 0.28,
        "Diluted NI Availto Com Stockholders": 3822000.0,
        "Average Dilution Earnings": NaN,
        "Net Income Common Stockholders": 3822000.0,
        "Otherunder Preferred Stock Dividend": 0.0,
        "Net Income": 3822000.0,
        "Minority Interests": -78000.0,
        "Net Income Including Noncontrolling Interests": 3900000.0,
        "Net Income Continuous Operations": 3900000.0,
        "Tax Provision": 398000.0,
        "Pretax Income": 4298000.0,
        "Other Income Expense": 820000.0,
        "Other Non Operating Income Expenses": 959000.0,
        "Special Income Charges": -139000.0,
        "Restructuring And Mergern Acquisition": 139000.0,
        "Net Non Operating Interest Income Expense": -263000.0,
        "Interest Expense Non Operating": 263000.0,
        "Operating Income": 3741000.0,
        "Operating Expense": 17199000.0,
        "Other Operating Expenses": NaN,
        "Selling General And Administration": 17199000.0,
        "Gross Profit": 20940000.0,
        "Cost Of Revenue": 53221000.0,
        "Total Revenue": 74161000.0,
        "Operating Revenue": 74161000.0
    },
    "2024-06-30": {
        "Tax Effect Of Unusual Items": 624397.269397,
        "Tax Rate For Calcs": 0.168165,
        "Normalized EBITDA": 8174000.0,
        "Total Unusual Items": 3713000.0,
        "Total Unusual Items Excluding Goodwill": 3713000.0,
        "Net Income From Continuing Operation Net Minority Interest": 7409000.0,
        "Reconciled Depreciation": 2484000.0,
        "Reconciled Cost Of Revenue": 59332000.0,
        "EBITDA": 11887000.0,
        "EBIT": 9403000.0,
        "Net Interest Income": -394000.0,
        "Interest Expense": 394000.0,
        "Normalized Income": 4320397.269397,
        "Net Income From Continuing And Discontinued Operation": 7409000.0,
        "Total Expenses": 79686000.0,
        "Total Operating Income As Reported": 4721000.0,
        "Diluted Average Shares": NaN,
        "Basic Average Shares": NaN,
        "Diluted EPS": NaN,
        "Basic EPS": NaN,
        "Diluted NI Availto Com Stockholders": 7409000.0,
        "Average Dilution Earnings": NaN,
        "Net Income Common Stockholders": 7409000.0,
        "Otherunder Preferred Stock Dividend": 0.0,
        "Net Income": 7409000.0,
        "Minority Interests": -85000.0,
        "Net Income Including Noncontrolling Interests": 7494000.0,
        "Net Income Continuous Operations": 7494000.0,
        "Tax Provision": 1515000.0,
        "Pretax Income": 9009000.0,
        "Other Income Expense": 4671000.0,
        "Other Non Operating Income Expenses": 958000.0,
        "Special Income Charges": 3713000.0,
        "Restructuring And Mergern Acquisition": -3713000.0,
        "Net Non Operating Interest Income Expense": -394000.0,
        "Interest Expense Non Operating": 394000.0,
        "Operating Income": 4732000.0,
        "Operating Expense": 20354000.0,
        "Other Operating Expenses": NaN,
        "Selling General And Administration": 20354000.0,
        "Gross Profit": 25086000.0,
        "Cost Of Revenue": 59332000.0,
        "Total Revenue": 84418000.0,
        "Operating Revenue": 84418000.0
    }
}