{
    "2023-03-31": {
        "Tax Effect Of Unusual Items": 0.0,
        "Tax Rate For Calcs": 0.26,
        "Normalized EBITDA": 77239000.0,
        "Net Income From Continuing Operation Net Minority Interest": 38289000.0,
        "Reconciled Depreciation": 15327000.0,
        "Reconciled Cost Of Revenue": 215237000.0,
        "EBIT": 61912000.0,
        "Net Interest Income": -10185000.0,
        "Interest Expense": 10185000.0,
        "Normalized Income": 38289000.0,
        "Net Income From Continuing And Discontinued Operation": 38289000.0,
        "Total Expenses": 283310000.0,
        "Total Operating Income As Reported": 62093000.0,
        "Diluted Average Shares": 134553122.0,
        "Basic Average Shares": 133551603.0,
        "Diluted EPS": 0.28,
        "Basic EPS": 0.29,
        "Diluted NI Availto Com Stockholders": 38289000.0,
        "Net Income Common Stockholders": 38289000.0,
        "Net Income": 38289000.0,
        "Net Income Including Noncontrolling Interests": 38289000.0,
        "Net Income Continuous Operations": 38289000.0,
        "Tax Provision": 13438000.0,
        "Pretax Income": 51727000.0,
        "Other Income Expense": -181000.0,
        "Other Non Operating Income Expenses": -181000.0,
        "Net Non Operating Interest Income Expense": -10185000.0,
        "Interest Expense Non Operating": 10185000.0,
        "Operating Income": 62093000.0,
        "Operating Expense": 58624000.0,
        "Depreciation Amortization Depletion Income Statement": 5878000.0,
        "Depreciation And Amortization In Income Statement": 5878000.0,
        "Amortization": 5878000.0,
        "Amortization Of Intangibles Income Statement": 5878000.0,
        "Selling General And Administration": 52746000.0,
        "Selling And Marketing Expense": 24548000.0,
        "General And Administrative Expense": 28198000.0,
        "Other Gand A": 28198000.0,
        "Gross Profit": 120717000.0,
        "Cost Of Revenue": 224686000.0,
        "Total Revenue": 345403000.0,
        "Operating Revenue": 345403000.0
    },
    "2022-12-31": {
        "Tax Effect Of Unusual Items": 0.0,
        "Tax Rate For Calcs": 0.273,
        "Normalized EBITDA": 62413000.0,
        "Net Income From Continuing Operation Net Minority Interest": 32892000.0,
        "Reconciled Depreciation": 5878000.0,
        "Reconciled Cost Of Revenue": 217524000.0,
        "EBIT": 56535000.0,
        "Net Interest Income": -11267000.0,
        "Interest Expense": 11267000.0,
        "Normalized Income": 32892000.0,
        "Net Income From Continuing And Discontinued Operation": 32892000.0,
        "Total Expenses": 282887000.0,
        "Total Operating Income As Reported": 56571000.0,
        "Diluted Average Shares": 135564487.0,
        "Basic Average Shares": 134177696.0,
        "Diluted EPS": 0.24,
        "Basic EPS": 0.25,
        "Diluted NI Availto Com Stockholders": 32892000.0,
        "Net Income Common Stockholders": 32892000.0,
        "Net Income": 32892000.0,
        "Net Income Including Noncontrolling Interests": 32892000.0,
        "Net Income Continuous Operations": 32892000.0,
        "Tax Provision": 12376000.0,
        "Pretax Income": 45268000.0,
        "Other Income Expense": -36000.0,
        "Other Non Operating Income Expenses": -36000.0,
        "Net Non Operating Interest Income Expense": -11267000.0,
        "Interest Expense Non Operating": 11267000.0,
        "Operating Income": 56571000.0,
        "Operating Expense": 65363000.0,
        "Depreciation Amortization Depletion Income Statement": 5878000.0,
        "Depreciation And Amortization In Income Statement": 5878000.0,
        "Amortization": 5878000.0,
        "Amortization Of Intangibles Income Statement": 5878000.0,
        "Selling General And Administration": 59485000.0,
        "Selling And Marketing Expense": 30333000.0,
        "General And Administrative Expense": 29152000.0,
        "Other Gand A": 29152000.0,
        "Gross Profit": 121934000.0,
        "Cost Of Revenue": 217524000.0,
        "Total Revenue": 339458000.0,
        "Operating Revenue": 339458000.0
    },
    "2022-09-30": {
        "Tax Effect Of Unusual Items": 0.0,
        "Tax Rate For Calcs": 0.128,
        "Normalized EBITDA": 102859000.0,
        "Net Income From Continuing Operation Net Minority Interest": 66269000.0,
        "Reconciled Depreciation": 16549000.0,
        "Reconciled Cost Of Revenue": 220134000.0,
        "EBIT": 86310000.0,
        "Net Interest Income": -10276000.0,
        "Interest Expense": 10276000.0,
        "Normalized Income": 66269000.0,
        "Net Income From Continuing And Discontinued Operation": 66269000.0,
        "Total Expenses": 292697000.0,
        "Total Operating Income As Reported": 54389000.0,
        "Diluted Average Shares": 137604256.0,
        "Basic Average Shares": 136436428.0,
        "Diluted EPS": 0.48,
        "Basic EPS": 0.49,
        "Diluted NI Availto Com Stockholders": 66269000.0,
        "Net Income Common Stockholders": 66269000.0,
        "Net Income": 66269000.0,
        "Net Income Including Noncontrolling Interests": 66269000.0,
        "Net Income Continuous Operations": 66269000.0,
        "Tax Provision": 9765000.0,
        "Pretax Income": 76034000.0,
        "Other Income Expense": 32781000.0,
        "Other Non Operating Income Expenses": 32781000.0,
        "Net Non Operating Interest Income Expense": -10276000.0,
        "Interest Expense Non Operating": 10276000.0,
        "Operating Income": 53529000.0,
        "Operating Expense": 61892000.0,
        "Depreciation Amortization Depletion Income Statement": 5878000.0,
        "Depreciation And Amortization In Income Statement": 5878000.0,
        "Amortization": 5878000.0,
        "Amortization Of Intangibles Income Statement": 5878000.0,
        "Selling General And Administration": 56014000.0,
        "Selling And Marketing Expense": 25512000.0,
        "General And Administrative Expense": 30502000.0,
        "Other Gand A": 30502000.0,
        "Gross Profit": 115421000.0,
        "Cost Of Revenue": 230805000.0,
        "Total Revenue": 346226000.0,
        "Operating Revenue": 346226000.0
    },
    "2022-06-30": {
        "Tax Effect Of Unusual Items": 0.0,
        "Tax Rate For Calcs": 0.27,
        "Normalized EBITDA": 66132000.0,
        "Net Income From Continuing Operation Net Minority Interest": 30476000.0,
        "Reconciled Depreciation": 14654000.0,
        "Reconciled Cost Of Revenue": 218996000.0,
        "EBIT": 51478000.0,
        "Net Interest Income": -9741000.0,
        "Interest Expense": 9741000.0,
        "Normalized Income": 30476000.0,
        "Net Income From Continuing And Discontinued Operation": 30476000.0,
        "Total Expenses": 289501000.0,
        "Total Operating Income As Reported": 50971000.0,
        "Diluted Average Shares": 138958242.0,
        "Basic Average Shares": 137909156.0,
        "Diluted EPS": 0.22,
        "Basic EPS": 0.22,
        "Diluted NI Availto Com Stockholders": 30476000.0,
        "Net Income Common Stockholders": 30476000.0,
        "Net Income": 30476000.0,
        "Net Income Including Noncontrolling Interests": 30476000.0,
        "Net Income Continuous Operations": 30476000.0,
        "Tax Provision": 11261000.0,
        "Pretax Income": 41737000.0,
        "Other Income Expense": 507000.0,
        "Other Non Operating Income Expenses": 507000.0,
        "Net Non Operating Interest Income Expense": -9741000.0,
        "Interest Expense Non Operating": 9741000.0,
        "Operating Income": 50971000.0,
        "Operating Expense": 61729000.0,
        "Depreciation Amortization Depletion Income Statement": 5878000.0,
        "Depreciation And Amortization In Income Statement": 5878000.0,
        "Amortization": 5878000.0,
        "Amortization Of Intangibles Income Statement": 5878000.0,
        "Selling General And Administration": 55851000.0,
        "Selling And Marketing Expense": 25724000.0,
        "General And Administrative Expense": 30127000.0,
        "Other Gand A": 30127000.0,
        "Gross Profit": 112700000.0,
        "Cost Of Revenue": 227772000.0,
        "Total Revenue": 340472000.0,
        "Operating Revenue": 340472000.0
    },
    "2022-03-31": {
        "Diluted EPS": 0.25,
        "Total Revenue": 332,
        "Gross Profit": 116,
        "Operating Income": 58,
        "EBIT": 72,
        "Net Income": 35
    },
    "2021-12-31": {
        "Diluted EPS": 0.27,
        "Total Revenue": 297,
        "Gross Profit": 110,
        "Operating Income": 54,
        "EBIT": 68,
        "Net Income": 37
    },
    "2021-09-30": {
        "Diluted EPS": 0.19,
        "Total Revenue": 288,
        "Gross Profit": 99,
        "Operating Income": 47,
        "EBIT": 60,
        "Net Income": 26
    },
    "2021-06-30": {
        "Diluted EPS": 0.21,
        "Total Revenue": 291,
        "Gross Profit": 105,
        "Operating Income": 53,
        "EBIT": 66,
        "Net Income": 30
    },
    "2021-03-31": {
        "Diluted EPS": 0.19,
        "Total Revenue": 265,
        "Gross Profit": 96,
        "Operating Income": 47,
        "EBIT": 60,
        "Net Income": 27
    },
    "2020-12-31": {
        "Diluted EPS": 0.31,
        "Total Revenue": 256,
        "Gross Profit": 96,
        "Operating Income": 44,
        "EBIT": 58,
        "Net Income": -1
    },
    "2020-09-30": {
        "Diluted EPS": 0.18,
        "Total Revenue": 261,
        "Gross Profit": 91,
        "Operating Income": 41,
        "EBIT": 56,
        "Net Income": 25
    },
    "2020-06-30": {
        "Diluted EPS": -0.0,
        "Total Revenue": 256,
        "Gross Profit": 89,
        "Operating Income": 35,
        "EBIT": 49,
        "Net Income": 0
    },
    "2020-03-31": {
        "Diluted EPS": 0.02,
        "Total Revenue": 243,
        "Gross Profit": 79,
        "Operating Income": 15,
        "EBIT": 28,
        "Net Income": 81
    },
    "2019-12-31": {
        "Diluted EPS": -0.34,
        "Total Revenue": 217,
        "Gross Profit": 71,
        "Operating Income": 40,
        "EBIT": 50,
        "Net Income": -37
    },
    "2019-09-30": {
        "Diluted EPS": 0.07,
        "Total Revenue": 227,
        "Gross Profit": 70,
        "Operating Income": 24,
        "EBIT": 34,
        "Net Income": 9
    },
    "2019-06-30": {
        "Diluted EPS": 0.1,
        "Total Revenue": 241,
        "Gross Profit": 83,
        "Operating Income": 37,
        "EBIT": 48,
        "Net Income": 11
    },
    "2019-03-31": {
        "Diluted EPS": 0.21,
        "Total Revenue": 223,
        "Gross Profit": 75,
        "Operating Income": 36,
        "EBIT": 47,
        "Net Income": 21
    },
    "2018-12-31": {
        "Diluted EPS": 0.12,
        "Total Revenue": 215,
        "Gross Profit": 69,
        "Operating Income": 30,
        "EBIT": 39,
        "Net Income": 91
    },
    "2018-09-30": {
        "Diluted EPS": 0.08,
        "Total Revenue": 211,
        "Gross Profit": 60,
        "Operating Income": 24,
        "EBIT": 34,
        "Net Income": 8
    },
    "2018-06-30": {
        "Diluted EPS": 0.18,
        "Total Revenue": 216,
        "Gross Profit": 67,
        "Operating Income": 35,
        "EBIT": 45,
        "Net Income": 19
    },
    "2018-03-31": {
        "Diluted EPS": 0.23,
        "Total Revenue": 209,
        "Gross Profit": 71,
        "Operating Income": 33,
        "EBIT": 43,
        "Net Income": 24
    },
    "2017-12-31": {
        "Diluted EPS": 1.71,
        "Total Revenue": 196,
        "Gross Profit": 81,
        "Operating Income": 101,
        "EBIT": 110,
        "Net Income": 180
    },
    "2017-09-30": {
        "Diluted EPS": 0.09,
        "Total Revenue": 192,
        "Gross Profit": 78,
        "Operating Income": 39,
        "EBIT": 48,
        "Net Income": 10
    },
    "2017-06-30": {
        "Diluted EPS": 0.18,
        "Total Revenue": 203,
        "Gross Profit": 88,
        "Operating Income": 50,
        "EBIT": 59,
        "Net Income": 19
    },
    "2017-03-31": {
        "Diluted EPS": 0.15,
        "Total Revenue": 185,
        "Gross Profit": 79,
        "Operating Income": 45,
        "EBIT": 54,
        "Net Income": 16
    },
    "2016-12-31": {
        "Diluted EPS": 0.0,
        "Total Revenue": 179,
        "Gross Profit": 66,
        "Operating Income": -25,
        "EBIT": -18,
        "Net Income": -25
    },
    "2016-09-30": {
        "Diluted EPS": 0.0,
        "Total Revenue": 196,
        "Gross Profit": 83,
        "Operating Income": 52,
        "EBIT": 55,
        "Net Income": 31
    },
    "2016-06-30": {
        "Diluted EPS": 0.0,
        "Total Revenue": 192,
        "Gross Profit": 86,
        "Operating Income": 49,
        "EBIT": 52,
        "Net Income": 29
    },
    "2016-03-31": {
        "Diluted EPS": 0.0,
        "Total Revenue": 160,
        "Gross Profit": 70,
        "Operating Income": 38,
        "EBIT": 40,
        "Net Income": 18
    },
    "2015-12-31": {
        "Diluted EPS": 0.0,
        "Total Revenue": NaN,
        "Gross Profit": NaN,
        "Operating Income": NaN,
        "EBIT": NaN,
        "Net Income": NaN
    },
    "2015-09-30": {
        "Diluted EPS": -0.02,
        "Total Revenue": NaN,
        "Gross Profit": NaN,
        "Operating Income": 0,
        "EBIT": 0,
        "Net Income": 0
    },
    "2015-06-30": {
        "Diluted EPS": 0.0,
        "Total Revenue": NaN,
        "Gross Profit": NaN,
        "Operating Income": 0,
        "EBIT": 0,
        "Net Income": 0
    },
    "2014-12-31": {
        "Diluted EPS": 0.0,
        "Total Revenue": NaN,
        "Gross Profit": NaN,
        "Operating Income": NaN,
        "EBIT": NaN,
        "Net Income": NaN
    }
}