{
    "2023-03-31": {
        "Tax Effect Of Unusual Items": 251160.0,
        "Tax Rate For Calcs": 0.21,
        "Normalized EBITDA": -52646000.0,
        "Total Unusual Items": 1196000.0,
        "Total Unusual Items Excluding Goodwill": 1196000.0,
        "Net Income From Continuing Operation Net Minority Interest": -59156000.0,
        "Reconciled Depreciation": 7028000.0,
        "Reconciled Cost Of Revenue": 41669000.0,
        "EBITDA": -51450000.0,
        "EBIT": -58478000.0,
        "Net Interest Income": 3462000.0,
        "Interest Expense": 2000.0,
        "Interest Income": 3464000.0,
        "Normalized Income": -60100840.0,
        "Net Income From Continuing And Discontinued Operation": -59156000.0,
        "Total Expenses": 123013000.0,
        "Total Operating Income As Reported": -61637000.0,
        "Diluted Average Shares": 56777000.0,
        "Basic Average Shares": 56777000.0,
        "Diluted EPS": -1.04,
        "Basic EPS": -1.04,
        "Diluted NI Availto Com Stockholders": -59156000.0,
        "Net Income Common Stockholders": -59156000.0,
        "Net Income": -59156000.0,
        "Net Income Including Noncontrolling Interests": -59156000.0,
        "Net Income Continuous Operations": -59156000.0,
        "Tax Provision": 676000.0,
        "Pretax Income": -58480000.0,
        "Other Income Expense": 891000.0,
        "Other Non Operating Income Expenses": -305000.0,
        "Special Income Charges": 1196000.0,
        "Restructuring And Mergern Acquisition": -1196000.0,
        "Net Non Operating Interest Income Expense": 3462000.0,
        "Interest Expense Non Operating": 2000.0,
        "Interest Income Non Operating": 3464000.0,
        "Operating Income": -62833000.0,
        "Operating Expense": 81344000.0,
        "Research And Development": 27379000.0,
        "Selling General And Administration": 53965000.0,
        "Gross Profit": 18511000.0,
        "Cost Of Revenue": 41669000.0,
        "Total Revenue": 60180000.0,
        "Operating Revenue": 60180000.0
    },
    "2022-12-31": {
        "Tax Effect Of Unusual Items": 868350.0,
        "Tax Rate For Calcs": 0.21,
        "Normalized EBITDA": -40590000.0,
        "Total Unusual Items": 4135000.0,
        "Total Unusual Items Excluding Goodwill": 4135000.0,
        "Net Income From Continuing Operation Net Minority Interest": -41824000.0,
        "Reconciled Depreciation": 5292000.0,
        "Reconciled Cost Of Revenue": 29442000.0,
        "EBITDA": -36455000.0,
        "EBIT": -41747000.0,
        "Net Interest Income": 3039000.0,
        "Interest Expense": 1000.0,
        "Interest Income": 3040000.0,
        "Normalized Income": -45090650.0,
        "Net Income From Continuing And Discontinued Operation": -41824000.0,
        "Total Expenses": 103008000.0,
        "Total Operating Income As Reported": -44630000.0,
        "Diluted Average Shares": 56444000.0,
        "Basic Average Shares": 56444000.0,
        "Diluted EPS": -0.74,
        "Basic EPS": -0.74,
        "Diluted NI Availto Com Stockholders": -41824000.0,
        "Net Income Common Stockholders": -41824000.0,
        "Net Income": -41824000.0,
        "Net Income Including Noncontrolling Interests": -41824000.0,
        "Net Income Continuous Operations": -41824000.0,
        "Tax Provision": 76000.0,
        "Pretax Income": -41748000.0,
        "Other Income Expense": 3978000.0,
        "Other Non Operating Income Expenses": -157000.0,
        "Special Income Charges": 4135000.0,
        "Restructuring And Mergern Acquisition": -4135000.0,
        "Net Non Operating Interest Income Expense": 3039000.0,
        "Interest Expense Non Operating": 1000.0,
        "Interest Income Non Operating": 3040000.0,
        "Operating Income": -48765000.0,
        "Operating Expense": 73566000.0,
        "Research And Development": 31242000.0,
        "Selling General And Administration": 42324000.0,
        "Gross Profit": 24801000.0,
        "Cost Of Revenue": 29442000.0,
        "Total Revenue": 54243000.0,
        "Operating Revenue": 54243000.0
    },
    "2022-09-30": {
        "Tax Effect Of Unusual Items": 1214010.0,
        "Tax Rate For Calcs": 0.21,
        "Normalized EBITDA": -56578000.0,
        "Total Unusual Items": 5781000.0,
        "Total Unusual Items Excluding Goodwill": 5781000.0,
        "Net Income From Continuing Operation Net Minority Interest": -51115000.0,
        "Reconciled Depreciation": 4952000.0,
        "Reconciled Cost Of Revenue": 31586000.0,
        "EBITDA": -50797000.0,
        "EBIT": -50797000.0,
        "Net Interest Income": 1902000.0,
        "Interest Expense": 26000.0,
        "Interest Income": 1928000.0,
        "Normalized Income": -55681990.0,
        "Net Income From Continuing And Discontinued Operation": -51115000.0,
        "Total Expenses": 115351000.0,
        "Total Operating Income As Reported": -56871000.0,
        "Diluted Average Shares": 56267000.0,
        "Basic Average Shares": 56267000.0,
        "Diluted EPS": -0.91,
        "Basic EPS": -0.91,
        "Diluted NI Availto Com Stockholders": -51115000.0,
        "Net Income Common Stockholders": -51115000.0,
        "Net Income": -51115000.0,
        "Net Income Including Noncontrolling Interests": -51115000.0,
        "Net Income Continuous Operations": -51115000.0,
        "Tax Provision": 292000.0,
        "Pretax Income": -50823000.0,
        "Other Income Expense": 5320000.0,
        "Other Non Operating Income Expenses": -461000.0,
        "Special Income Charges": 5781000.0,
        "Gain On Sale Of Business": 4607000.0,
        "Restructuring And Mergern Acquisition": -1174000.0,
        "Net Non Operating Interest Income Expense": 1902000.0,
        "Interest Expense Non Operating": 26000.0,
        "Interest Income Non Operating": 1928000.0,
        "Operating Income": -58045000.0,
        "Operating Expense": 83765000.0,
        "Research And Development": 29606000.0,
        "Selling General And Administration": 54159000.0,
        "Gross Profit": 25720000.0,
        "Cost Of Revenue": 31586000.0,
        "Total Revenue": 57306000.0,
        "Operating Revenue": 57306000.0
    },
    "2022-06-30": {
        "Tax Effect Of Unusual Items": 10391.636172,
        "Tax Rate For Calcs": 0.002456,
        "Normalized EBITDA": -64897000.0,
        "Total Unusual Items": 4231000.0,
        "Total Unusual Items Excluding Goodwill": 4231000.0,
        "Net Income From Continuing Operation Net Minority Interest": -60517000.0,
        "Reconciled Depreciation": 4444000.0,
        "Reconciled Cost Of Revenue": 30974000.0,
        "EBITDA": -60666000.0,
        "EBIT": -60666000.0,
        "Net Interest Income": 722000.0,
        "Interest Expense": 0.0,
        "Interest Income": 722000.0,
        "Normalized Income": -64737608.363828,
        "Net Income From Continuing And Discontinued Operation": -60517000.0,
        "Total Expenses": 121507000.0,
        "Total Operating Income As Reported": -61163000.0,
        "Diluted Average Shares": 56287000.0,
        "Basic Average Shares": 56287000.0,
        "Diluted EPS": -1.08,
        "Basic EPS": -1.08,
        "Diluted NI Availto Com Stockholders": -60517000.0,
        "Net Income Common Stockholders": -60517000.0,
        "Net Income": -60517000.0,
        "Net Income Including Noncontrolling Interests": -60517000.0,
        "Net Income Continuous Operations": -60517000.0,
        "Tax Provision": -149000.0,
        "Pretax Income": -60666000.0,
        "Other Income Expense": 4006000.0,
        "Other Non Operating Income Expenses": -225000.0,
        "Special Income Charges": 4231000.0,
        "Gain On Sale Of Business": NaN,
        "Restructuring And Mergern Acquisition": -4231000.0,
        "Net Non Operating Interest Income Expense": 722000.0,
        "Interest Expense Non Operating": 0.0,
        "Interest Income Non Operating": 722000.0,
        "Operating Income": -65394000.0,
        "Operating Expense": 90533000.0,
        "Research And Development": 36840000.0,
        "Selling General And Administration": 53693000.0,
        "Gross Profit": 25139000.0,
        "Cost Of Revenue": 30974000.0,
        "Total Revenue": 56113000.0,
        "Operating Revenue": 56113000.0
    },
    "2022-03-31": {
        "Diluted EPS": -1.13,
        "Total Revenue": 48,
        "Gross Profit": 18,
        "Operating Income": -61,
        "EBIT": -57,
        "Net Income": -61
    },
    "2021-12-31": {
        "Diluted EPS": -0.91,
        "Total Revenue": 42,
        "Gross Profit": 15,
        "Operating Income": -56,
        "EBIT": -53,
        "Net Income": -46
    },
    "2021-09-30": {
        "Diluted EPS": -0.83,
        "Total Revenue": 38,
        "Gross Profit": 15,
        "Operating Income": -40,
        "EBIT": -37,
        "Net Income": -41
    },
    "2021-06-30": {
        "Diluted EPS": -0.82,
        "Total Revenue": 35,
        "Gross Profit": 14,
        "Operating Income": -42,
        "EBIT": -39,
        "Net Income": -40
    },
    "2021-03-31": {
        "Diluted EPS": -0.78,
        "Total Revenue": 31,
        "Gross Profit": 12,
        "Operating Income": -38,
        "EBIT": -36,
        "Net Income": -38
    },
    "2020-12-31": {
        "Diluted EPS": -0.72,
        "Total Revenue": 28,
        "Gross Profit": 10,
        "Operating Income": -33,
        "EBIT": -31,
        "Net Income": -33
    },
    "2020-09-30": {
        "Diluted EPS": -0.36,
        "Total Revenue": 32,
        "Gross Profit": 15,
        "Operating Income": -24,
        "EBIT": -22,
        "Net Income": -24
    },
    "2020-06-30": {
        "Diluted EPS": -0.67,
        "Total Revenue": 21,
        "Gross Profit": 5,
        "Operating Income": -28,
        "EBIT": -26,
        "Net Income": -28
    },
    "2020-03-31": {
        "Diluted EPS": -0.85,
        "Total Revenue": 19,
        "Gross Profit": 6,
        "Operating Income": -32,
        "EBIT": -30,
        "Net Income": -32
    },
    "2019-12-31": {
        "Diluted EPS": -1.69,
        "Total Revenue": 17,
        "Gross Profit": 3,
        "Operating Income": -56,
        "EBIT": -54,
        "Net Income": -56
    },
    "2019-09-30": {
        "Diluted EPS": -0.89,
        "Total Revenue": 16,
        "Gross Profit": 3,
        "Operating Income": -32,
        "EBIT": -30,
        "Net Income": -31
    },
    "2019-06-30": {
        "Diluted EPS": -0.92,
        "Total Revenue": 14,
        "Gross Profit": 2,
        "Operating Income": -28,
        "EBIT": -26,
        "Net Income": -28
    },
    "2019-03-31": {
        "Diluted EPS": -0.93,
        "Total Revenue": 14,
        "Gross Profit": 2,
        "Operating Income": -26,
        "EBIT": -25,
        "Net Income": -26
    },
    "2018-12-31": {
        "Diluted EPS": -1.18,
        "Total Revenue": 11,
        "Gross Profit": 0,
        "Operating Income": -23,
        "EBIT": -21,
        "Net Income": -23
    },
    "2018-09-30": {
        "Diluted EPS": -6.59,
        "Total Revenue": 8,
        "Gross Profit": -1,
        "Operating Income": -20,
        "EBIT": -18,
        "Net Income": -20
    },
    "2018-06-30": {
        "Diluted EPS": -6.18,
        "Total Revenue": 7,
        "Gross Profit": -1,
        "Operating Income": -17,
        "EBIT": -16,
        "Net Income": -18
    },
    "2018-03-31": {
        "Diluted EPS": -6.32,
        "Total Revenue": 6,
        "Gross Profit": -2,
        "Operating Income": -17,
        "EBIT": -15,
        "Net Income": -17
    },
    "2017-12-31": {
        "Diluted EPS": -6.42,
        "Total Revenue": 4,
        "Gross Profit": -3,
        "Operating Income": -17,
        "EBIT": -15,
        "Net Income": -17
    },
    "2017-09-30": {
        "Diluted EPS": 0.0,
        "Total Revenue": NaN,
        "Gross Profit": NaN,
        "Operating Income": NaN,
        "EBIT": NaN,
        "Net Income": NaN
    },
    "2016-09-30": {
        "Diluted EPS": 0.0,
        "Total Revenue": NaN,
        "Gross Profit": NaN,
        "Operating Income": NaN,
        "EBIT": NaN,
        "Net Income": NaN
    },
    "2023-06-30": {
        "Tax Effect Of Unusual Items": -2539110.0,
        "Tax Rate For Calcs": 0.21,
        "Normalized EBITDA": -36191000.0,
        "Total Unusual Items": -12091000.0,
        "Total Unusual Items Excluding Goodwill": -12091000.0,
        "Net Income From Continuing Operation Net Minority Interest": -57395000.0,
        "Reconciled Depreciation": 8490000.0,
        "Reconciled Cost Of Revenue": 41845000.0,
        "EBITDA": -48282000.0,
        "EBIT": -56772000.0,
        "Net Interest Income": 3967000.0,
        "Interest Expense": 1000.0,
        "Interest Income": 3968000.0,
        "Normalized Income": -47843110.0,
        "Net Income From Continuing And Discontinued Operation": -57395000.0,
        "Total Expenses": 112430000.0,
        "Total Operating Income As Reported": -60781000.0,
        "Diluted Average Shares": 57041000.0,
        "Basic Average Shares": 57041000.0,
        "Diluted EPS": -1.01,
        "Basic EPS": -1.01,
        "Diluted NI Availto Com Stockholders": -57395000.0,
        "Net Income Common Stockholders": -57395000.0,
        "Net Income": -57395000.0,
        "Net Income Including Noncontrolling Interests": -57395000.0,
        "Net Income Continuous Operations": -57395000.0,
        "Tax Provision": 622000.0,
        "Pretax Income": -56773000.0,
        "Other Income Expense": -12050000.0,
        "Other Non Operating Income Expenses": 41000.0,
        "Special Income Charges": -12091000.0,
        "Restructuring And Mergern Acquisition": 12091000.0,
        "Net Non Operating Interest Income Expense": 3967000.0,
        "Interest Expense Non Operating": 1000.0,
        "Interest Income Non Operating": 3968000.0,
        "Operating Income": -48690000.0,
        "Operating Expense": 70585000.0,
        "Research And Development": 24528000.0,
        "Selling General And Administration": 46057000.0,
        "Gross Profit": 21895000.0,
        "Cost Of Revenue": 41845000.0,
        "Total Revenue": 63740000.0,
        "Operating Revenue": 63740000.0
    },
    "2023-09-30": {
        "Tax Effect Of Unusual Items": -16707.930701,
        "Tax Rate For Calcs": 0.004778,
        "Normalized EBITDA": -34467000.0,
        "Total Unusual Items": -3497000.0,
        "Total Unusual Items Excluding Goodwill": -3497000.0,
        "Net Income From Continuing Operation Net Minority Interest": -46243000.0,
        "Reconciled Depreciation": 8500000.0,
        "Reconciled Cost Of Revenue": 42424000.0,
        "EBITDA": -37964000.0,
        "EBIT": -46464000.0,
        "Net Interest Income": 3892000.0,
        "Interest Expense": 1000.0,
        "Interest Income": 3893000.0,
        "Normalized Income": -42762707.930701,
        "Net Income From Continuing And Discontinued Operation": -46243000.0,
        "Total Expenses": 113561000.0,
        "Total Operating Income As Reported": -50112000.0,
        "Diluted Average Shares": 57279000.0,
        "Basic Average Shares": 57279000.0,
        "Diluted EPS": -0.81,
        "Basic EPS": -0.81,
        "Diluted NI Availto Com Stockholders": -46243000.0,
        "Net Income Common Stockholders": -46243000.0,
        "Net Income": -46243000.0,
        "Net Income Including Noncontrolling Interests": -46243000.0,
        "Net Income Continuous Operations": -46243000.0,
        "Tax Provision": -222000.0,
        "Pretax Income": -46465000.0,
        "Other Income Expense": -3742000.0,
        "Other Non Operating Income Expenses": -245000.0,
        "Special Income Charges": -3497000.0,
        "Restructuring And Mergern Acquisition": 3497000.0,
        "Net Non Operating Interest Income Expense": 3892000.0,
        "Interest Expense Non Operating": 1000.0,
        "Interest Income Non Operating": 3893000.0,
        "Operating Income": -46615000.0,
        "Operating Expense": 71137000.0,
        "Research And Development": 23746000.0,
        "Selling General And Administration": 47391000.0,
        "Gross Profit": 24522000.0,
        "Cost Of Revenue": 42424000.0,
        "Total Revenue": 66946000.0,
        "Operating Revenue": 66946000.0
    },
    "2023-12-31": {
        "Tax Effect Of Unusual Items": 0.0,
        "Tax Rate For Calcs": 0.21,
        "Normalized EBITDA": -34717000.0,
        "Total Unusual Items": 0.0,
        "Total Unusual Items Excluding Goodwill": 0.0,
        "Net Income From Continuing Operation Net Minority Interest": -43008000.0,
        "Reconciled Depreciation": 8171000.0,
        "Reconciled Cost Of Revenue": 42536000.0,
        "EBITDA": -34717000.0,
        "EBIT": -42888000.0,
        "Net Interest Income": 4120000.0,
        "Interest Expense": 0.0,
        "Interest Income": 4120000.0,
        "Normalized Income": -43008000.0,
        "Net Income From Continuing And Discontinued Operation": -43008000.0,
        "Total Expenses": 118475000.0,
        "Total Operating Income As Reported": -46977000.0,
        "Diluted Average Shares": 57497000.0,
        "Basic Average Shares": 57497000.0,
        "Diluted EPS": -0.75,
        "Basic EPS": -0.75,
        "Diluted NI Availto Com Stockholders": -43008000.0,
        "Net Income Common Stockholders": -43008000.0,
        "Net Income": -43008000.0,
        "Net Income Including Noncontrolling Interests": -43008000.0,
        "Net Income Continuous Operations": -43008000.0,
        "Tax Provision": 120000.0,
        "Pretax Income": -42888000.0,
        "Other Income Expense": -31000.0,
        "Other Non Operating Income Expenses": -31000.0,
        "Special Income Charges": 0.0,
        "Restructuring And Mergern Acquisition": 0.0,
        "Net Non Operating Interest Income Expense": 4120000.0,
        "Interest Expense Non Operating": 0.0,
        "Interest Income Non Operating": 4120000.0,
        "Operating Income": -46977000.0,
        "Operating Expense": 75939000.0,
        "Research And Development": 23099000.0,
        "Selling General And Administration": 52840000.0,
        "Gross Profit": 28962000.0,
        "Cost Of Revenue": 42536000.0,
        "Total Revenue": 71498000.0,
        "Operating Revenue": 71498000.0
    },
    "2024-03-31": {
        "Tax Effect Of Unusual Items": 0.0,
        "Tax Rate For Calcs": 0.4,
        "Normalized EBITDA": -36843000.0,
        "Total Unusual Items": 0.0,
        "Total Unusual Items Excluding Goodwill": 0.0,
        "Net Income From Continuing Operation Net Minority Interest": -45492000.0,
        "Reconciled Depreciation": 8304000.0,
        "Reconciled Cost Of Revenue": 44420000.0,
        "EBITDA": -36843000.0,
        "EBIT": -45147000.0,
        "Net Interest Income": 3941000.0,
        "Interest Expense": 0.0,
        "Interest Income": 3941000.0,
        "Normalized Income": -45492000.0,
        "Net Income From Continuing And Discontinued Operation": -45492000.0,
        "Total Expenses": 124191000.0,
        "Total Operating Income As Reported": -48889000.0,
        "Diluted Average Shares": 57779000.0,
        "Basic Average Shares": 57779000.0,
        "Diluted EPS": -0.79,
        "Basic EPS": -0.79,
        "Diluted NI Availto Com Stockholders": -45492000.0,
        "Net Income Common Stockholders": -45492000.0,
        "Net Income": -45492000.0,
        "Net Income Including Noncontrolling Interests": -45492000.0,
        "Net Income Continuous Operations": -45492000.0,
        "Tax Provision": 345000.0,
        "Pretax Income": -45147000.0,
        "Other Income Expense": -199000.0,
        "Other Non Operating Income Expenses": -199000.0,
        "Special Income Charges": 0.0,
        "Restructuring And Mergern Acquisition": 0.0,
        "Net Non Operating Interest Income Expense": 3941000.0,
        "Interest Expense Non Operating": 0.0,
        "Interest Income Non Operating": 3941000.0,
        "Operating Income": -48889000.0,
        "Operating Expense": 79771000.0,
        "Research And Development": 24149000.0,
        "Selling General And Administration": 55622000.0,
        "Gross Profit": 30882000.0,
        "Cost Of Revenue": 44420000.0,
        "Total Revenue": 75302000.0,
        "Operating Revenue": 75302000.0
    }
}