{
    "2023-03-31": {
        "Tax Effect Of Unusual Items": 0.0,
        "Tax Rate For Calcs": 0.21,
        "Normalized EBITDA": -41019000.0,
        "Total Unusual Items": NaN,
        "Total Unusual Items Excluding Goodwill": NaN,
        "Net Income From Continuing Operation Net Minority Interest": -50747000.0,
        "Reconciled Depreciation": 8616000.0,
        "Reconciled Cost Of Revenue": 35895000.0,
        "EBITDA": -41019000.0,
        "EBIT": -49635000.0,
        "Net Interest Income": 3850000.0,
        "Interest Expense": 19000.0,
        "Interest Income": 3869000.0,
        "Normalized Income": -50747000.0,
        "Net Income From Continuing And Discontinued Operation": -50747000.0,
        "Total Expenses": 186273000.0,
        "Total Operating Income As Reported": -51988000.0,
        "Diluted Average Shares": 115619869.0,
        "Basic Average Shares": 115619869.0,
        "Diluted EPS": -0.44,
        "Basic EPS": -0.44,
        "Diluted NI Availto Com Stockholders": -50747000.0,
        "Net Income Common Stockholders": -50747000.0,
        "Net Income": -50747000.0,
        "Net Income Including Noncontrolling Interests": -50747000.0,
        "Net Income Continuous Operations": -50747000.0,
        "Tax Provision": 1093000.0,
        "Pretax Income": -49654000.0,
        "Other Income Expense": -1516000.0,
        "Other Non Operating Income Expenses": -1516000.0,
        "Special Income Charges": NaN,
        "Restructuring And Mergern Acquisition": NaN,
        "Net Non Operating Interest Income Expense": 3850000.0,
        "Interest Expense Non Operating": 19000.0,
        "Interest Income Non Operating": 3869000.0,
        "Operating Income": -51988000.0,
        "Operating Expense": 150378000.0,
        "Research And Development": 67098000.0,
        "Selling General And Administration": 83280000.0,
        "Gross Profit": 98390000.0,
        "Cost Of Revenue": 35895000.0,
        "Total Revenue": 134285000.0,
        "Operating Revenue": 134285000.0
    },
    "2022-12-31": {
        "Tax Effect Of Unusual Items": NaN,
        "Tax Rate For Calcs": NaN,
        "Normalized EBITDA": NaN,
        "Total Unusual Items": 0.0,
        "Total Unusual Items Excluding Goodwill": 0.0,
        "Net Income From Continuing Operation Net Minority Interest": NaN,
        "Reconciled Depreciation": NaN,
        "Reconciled Cost Of Revenue": NaN,
        "EBITDA": NaN,
        "EBIT": NaN,
        "Net Interest Income": NaN,
        "Interest Expense": NaN,
        "Interest Income": NaN,
        "Normalized Income": NaN,
        "Net Income From Continuing And Discontinued Operation": NaN,
        "Total Expenses": NaN,
        "Total Operating Income As Reported": NaN,
        "Diluted Average Shares": NaN,
        "Basic Average Shares": NaN,
        "Diluted EPS": NaN,
        "Basic EPS": NaN,
        "Diluted NI Availto Com Stockholders": NaN,
        "Net Income Common Stockholders": NaN,
        "Net Income": NaN,
        "Net Income Including Noncontrolling Interests": NaN,
        "Net Income Continuous Operations": NaN,
        "Tax Provision": NaN,
        "Pretax Income": NaN,
        "Other Income Expense": NaN,
        "Other Non Operating Income Expenses": NaN,
        "Special Income Charges": 0.0,
        "Restructuring And Mergern Acquisition": 0.0,
        "Net Non Operating Interest Income Expense": NaN,
        "Interest Expense Non Operating": NaN,
        "Interest Income Non Operating": NaN,
        "Operating Income": NaN,
        "Operating Expense": NaN,
        "Research And Development": NaN,
        "Selling General And Administration": NaN,
        "Gross Profit": NaN,
        "Cost Of Revenue": NaN,
        "Total Revenue": NaN,
        "Operating Revenue": NaN
    },
    "2022-09-30": {
        "Tax Effect Of Unusual Items": NaN,
        "Tax Rate For Calcs": NaN,
        "Normalized EBITDA": NaN,
        "Total Unusual Items": 0.0,
        "Total Unusual Items Excluding Goodwill": 0.0,
        "Net Income From Continuing Operation Net Minority Interest": NaN,
        "Reconciled Depreciation": NaN,
        "Reconciled Cost Of Revenue": NaN,
        "EBITDA": NaN,
        "EBIT": NaN,
        "Net Interest Income": NaN,
        "Interest Expense": NaN,
        "Interest Income": NaN,
        "Normalized Income": NaN,
        "Net Income From Continuing And Discontinued Operation": NaN,
        "Total Expenses": NaN,
        "Total Operating Income As Reported": NaN,
        "Diluted Average Shares": NaN,
        "Basic Average Shares": NaN,
        "Diluted EPS": NaN,
        "Basic EPS": NaN,
        "Diluted NI Availto Com Stockholders": NaN,
        "Net Income Common Stockholders": NaN,
        "Net Income": NaN,
        "Net Income Including Noncontrolling Interests": NaN,
        "Net Income Continuous Operations": NaN,
        "Tax Provision": NaN,
        "Pretax Income": NaN,
        "Other Income Expense": NaN,
        "Other Non Operating Income Expenses": NaN,
        "Special Income Charges": 0.0,
        "Restructuring And Mergern Acquisition": 0.0,
        "Net Non Operating Interest Income Expense": NaN,
        "Interest Expense Non Operating": NaN,
        "Interest Income Non Operating": NaN,
        "Operating Income": NaN,
        "Operating Expense": NaN,
        "Research And Development": NaN,
        "Selling General And Administration": NaN,
        "Gross Profit": NaN,
        "Cost Of Revenue": NaN,
        "Total Revenue": NaN,
        "Operating Revenue": NaN
    },
    "2022-06-30": {
        "Tax Effect Of Unusual Items": 0.0,
        "Tax Rate For Calcs": 0.4,
        "Normalized EBITDA": -63722000.0,
        "Total Unusual Items": 0.0,
        "Total Unusual Items Excluding Goodwill": 0.0,
        "Net Income From Continuing Operation Net Minority Interest": -64458000.0,
        "Reconciled Depreciation": 8444000.0,
        "Reconciled Cost Of Revenue": 27704000.0,
        "EBITDA": -63722000.0,
        "EBIT": -63722000.0,
        "Net Interest Income": 1129000.0,
        "Interest Expense": 109000.0,
        "Interest Income": 1238000.0,
        "Normalized Income": -64458000.0,
        "Net Income From Continuing And Discontinued Operation": -64458000.0,
        "Total Expenses": 177726000.0,
        "Total Operating Income As Reported": -63117000.0,
        "Diluted Average Shares": 113574757.0,
        "Basic Average Shares": 113574757.0,
        "Diluted EPS": -0.57,
        "Basic EPS": -0.57,
        "Diluted NI Availto Com Stockholders": -64458000.0,
        "Net Income Common Stockholders": -64458000.0,
        "Net Income": -64458000.0,
        "Net Income Including Noncontrolling Interests": -64458000.0,
        "Net Income Continuous Operations": -64458000.0,
        "Tax Provision": 627000.0,
        "Pretax Income": -63831000.0,
        "Other Income Expense": -1843000.0,
        "Other Non Operating Income Expenses": -1843000.0,
        "Special Income Charges": 0.0,
        "Restructuring And Mergern Acquisition": 0.0,
        "Net Non Operating Interest Income Expense": 1129000.0,
        "Interest Expense Non Operating": 109000.0,
        "Interest Income Non Operating": 1238000.0,
        "Operating Income": -63117000.0,
        "Operating Expense": 150022000.0,
        "Research And Development": 70685000.0,
        "Selling General And Administration": 79337000.0,
        "Gross Profit": 86905000.0,
        "Cost Of Revenue": 27704000.0,
        "Total Revenue": 114609000.0,
        "Operating Revenue": 114609000.0
    },
    "2022-03-31": {
        "Diluted EPS": -0.38,
        "Total Revenue": 114,
        "Gross Profit": 89,
        "Operating Income": -42,
        "EBIT": -34,
        "Net Income": -42
    },
    "2021-12-31": {
        "Diluted EPS": -0.17,
        "Total Revenue": 144,
        "Gross Profit": 116,
        "Operating Income": -16,
        "EBIT": -9,
        "Net Income": -18
    },
    "2021-09-30": {
        "Diluted EPS": -0.15,
        "Total Revenue": 125,
        "Gross Profit": 101,
        "Operating Income": -16,
        "EBIT": -9,
        "Net Income": -17
    },
    "2021-06-30": {
        "Diluted EPS": -0.1,
        "Total Revenue": 116,
        "Gross Profit": 111,
        "Operating Income": -10,
        "EBIT": -3,
        "Net Income": -11
    },
    "2021-03-31": {
        "Diluted EPS": -0.11,
        "Total Revenue": 106,
        "Gross Profit": 89,
        "Operating Income": -10,
        "EBIT": -4,
        "Net Income": -12
    },
    "2020-12-31": {
        "Diluted EPS": -4.09,
        "Total Revenue": 112,
        "Gross Profit": 93,
        "Operating Income": -410,
        "EBIT": -404,
        "Net Income": -416
    },
    "2020-09-30": {
        "Diluted EPS": -0.65,
        "Total Revenue": 72,
        "Gross Profit": 57,
        "Operating Income": -65,
        "EBIT": -60,
        "Net Income": -66
    },
    "2020-06-30": {
        "Diluted EPS": -0.41,
        "Total Revenue": 43,
        "Gross Profit": 33,
        "Operating Income": -39,
        "EBIT": -35,
        "Net Income": -40
    },
    "2020-03-31": {
        "Diluted EPS": -0.22,
        "Total Revenue": 72,
        "Gross Profit": 57,
        "Operating Income": -20,
        "EBIT": -16,
        "Net Income": -21
    },
    "2019-12-31": {
        "Diluted EPS": -0.07,
        "Total Revenue": 75,
        "Gross Profit": 59,
        "Operating Income": -8,
        "EBIT": -5,
        "Net Income": -7
    },
    "2019-09-30": {
        "Diluted EPS": -0.33,
        "Total Revenue": 61,
        "Gross Profit": 46,
        "Operating Income": -9,
        "EBIT": -7,
        "Net Income": -10
    },
    "2019-06-30": {
        "Diluted EPS": -0.7,
        "Total Revenue": 56,
        "Gross Profit": 41,
        "Operating Income": -10,
        "EBIT": -9,
        "Net Income": -11
    },
    "2019-03-31": {
        "Diluted EPS": -0.25,
        "Total Revenue": 54,
        "Gross Profit": 40,
        "Operating Income": -3,
        "EBIT": -2,
        "Net Income": -4
    },
    "2018-12-31": {
        "Diluted EPS": 0.0,
        "Total Revenue": NaN,
        "Gross Profit": NaN,
        "Operating Income": NaN,
        "EBIT": NaN,
        "Net Income": NaN
    },
    "2017-12-31": {
        "Diluted EPS": 0.0,
        "Total Revenue": NaN,
        "Gross Profit": NaN,
        "Operating Income": NaN,
        "EBIT": NaN,
        "Net Income": NaN
    },
    "2023-06-30": {
        "Tax Effect Of Unusual Items": 0.0,
        "Tax Rate For Calcs": 0.21,
        "Normalized EBITDA": -48885000.0,
        "Total Unusual Items": NaN,
        "Total Unusual Items Excluding Goodwill": NaN,
        "Net Income From Continuing Operation Net Minority Interest": -62414000.0,
        "Reconciled Depreciation": 11877000.0,
        "Reconciled Cost Of Revenue": 47207000.0,
        "EBITDA": -48885000.0,
        "EBIT": -60762000.0,
        "Net Interest Income": 4095000.0,
        "Interest Expense": 5000.0,
        "Interest Income": 4100000.0,
        "Normalized Income": -62414000.0,
        "Net Income From Continuing And Discontinued Operation": -62414000.0,
        "Total Expenses": 210177000.0,
        "Total Operating Income As Reported": -63358000.0,
        "Diluted Average Shares": 116707672.0,
        "Basic Average Shares": 116707672.0,
        "Diluted EPS": -0.53,
        "Basic EPS": -0.53,
        "Diluted NI Availto Com Stockholders": -62414000.0,
        "Net Income Common Stockholders": -62414000.0,
        "Net Income": -62414000.0,
        "Net Income Including Noncontrolling Interests": -62414000.0,
        "Net Income Continuous Operations": -62414000.0,
        "Tax Provision": 1647000.0,
        "Pretax Income": -60767000.0,
        "Other Income Expense": -1504000.0,
        "Other Non Operating Income Expenses": -1504000.0,
        "Special Income Charges": NaN,
        "Restructuring And Mergern Acquisition": NaN,
        "Net Non Operating Interest Income Expense": 4095000.0,
        "Interest Expense Non Operating": 5000.0,
        "Interest Income Non Operating": 4100000.0,
        "Operating Income": -63358000.0,
        "Operating Expense": 162970000.0,
        "Research And Development": 71460000.0,
        "Selling General And Administration": 91510000.0,
        "Gross Profit": 99612000.0,
        "Cost Of Revenue": 47207000.0,
        "Total Revenue": 146819000.0,
        "Operating Revenue": 146819000.0
    },
    "2023-09-30": {
        "Tax Effect Of Unusual Items": 0.0,
        "Tax Rate For Calcs": 0.21,
        "Normalized EBITDA": -80323000.0,
        "Total Unusual Items": NaN,
        "Total Unusual Items Excluding Goodwill": NaN,
        "Net Income From Continuing Operation Net Minority Interest": -92986000.0,
        "Reconciled Depreciation": 11420000.0,
        "Reconciled Cost Of Revenue": 58115000.0,
        "EBITDA": -80323000.0,
        "EBIT": -91743000.0,
        "Net Interest Income": 4299000.0,
        "Interest Expense": 1000.0,
        "Interest Income": 4300000.0,
        "Normalized Income": -92986000.0,
        "Net Income From Continuing And Discontinued Operation": -92986000.0,
        "Total Expenses": 248439000.0,
        "Total Operating Income As Reported": -94795000.0,
        "Diluted Average Shares": 117728293.0,
        "Basic Average Shares": 117728293.0,
        "Diluted EPS": -0.79,
        "Basic EPS": -0.79,
        "Diluted NI Availto Com Stockholders": -92986000.0,
        "Net Income Common Stockholders": -92986000.0,
        "Net Income": -92986000.0,
        "Net Income Including Noncontrolling Interests": -92986000.0,
        "Net Income Continuous Operations": -92986000.0,
        "Tax Provision": 1242000.0,
        "Pretax Income": -91744000.0,
        "Other Income Expense": -1248000.0,
        "Other Non Operating Income Expenses": -1248000.0,
        "Special Income Charges": NaN,
        "Restructuring And Mergern Acquisition": NaN,
        "Net Non Operating Interest Income Expense": 4299000.0,
        "Interest Expense Non Operating": 1000.0,
        "Interest Income Non Operating": 4300000.0,
        "Operating Income": -94795000.0,
        "Operating Expense": 190324000.0,
        "Research And Development": 107909000.0,
        "Selling General And Administration": 82415000.0,
        "Gross Profit": 95529000.0,
        "Cost Of Revenue": 58115000.0,
        "Total Revenue": 153644000.0,
        "Operating Revenue": 153644000.0
    },
    "2023-12-31": {
        "Tax Effect Of Unusual Items": 0.0,
        "Tax Rate For Calcs": 0.21,
        "Normalized EBITDA": -34884000.0,
        "Total Unusual Items": NaN,
        "Total Unusual Items Excluding Goodwill": NaN,
        "Net Income From Continuing Operation Net Minority Interest": -48952000.0,
        "Reconciled Depreciation": 11706000.0,
        "Reconciled Cost Of Revenue": 68197000.0,
        "EBITDA": -34884000.0,
        "EBIT": -46590000.0,
        "Net Interest Income": 4629000.0,
        "Interest Expense": 8000.0,
        "Interest Income": 4637000.0,
        "Normalized Income": -48952000.0,
        "Net Income From Continuing And Discontinued Operation": -48952000.0,
        "Total Expenses": 239167000.0,
        "Total Operating Income As Reported": -55188000.0,
        "Diluted Average Shares": 118565724.0,
        "Basic Average Shares": 118565724.0,
        "Diluted EPS": -0.41,
        "Basic EPS": -0.41,
        "Diluted NI Availto Com Stockholders": -48952000.0,
        "Net Income Common Stockholders": -48952000.0,
        "Net Income": -48952000.0,
        "Net Income Including Noncontrolling Interests": -48952000.0,
        "Net Income Continuous Operations": -48952000.0,
        "Tax Provision": 2354000.0,
        "Pretax Income": -46598000.0,
        "Other Income Expense": 3961000.0,
        "Other Non Operating Income Expenses": 3961000.0,
        "Special Income Charges": NaN,
        "Restructuring And Mergern Acquisition": NaN,
        "Net Non Operating Interest Income Expense": 4629000.0,
        "Interest Expense Non Operating": 8000.0,
        "Interest Income Non Operating": 4637000.0,
        "Operating Income": -55188000.0,
        "Operating Expense": 170970000.0,
        "Research And Development": 84845000.0,
        "Selling General And Administration": 86125000.0,
        "Gross Profit": 115782000.0,
        "Cost Of Revenue": 68197000.0,
        "Total Revenue": 183979000.0,
        "Operating Revenue": 183979000.0
    },
    "2024-03-31": {
        "Tax Effect Of Unusual Items": 0.0,
        "Tax Rate For Calcs": 0.4,
        "Normalized EBITDA": -46308000.0,
        "Total Unusual Items": NaN,
        "Total Unusual Items Excluding Goodwill": NaN,
        "Net Income From Continuing Operation Net Minority Interest": -59949000.0,
        "Reconciled Depreciation": 11494000.0,
        "Reconciled Cost Of Revenue": 48092000.0,
        "EBITDA": -46308000.0,
        "EBIT": -57802000.0,
        "Net Interest Income": 4735000.0,
        "Interest Expense": 1000.0,
        "Interest Income": 4736000.0,
        "Normalized Income": -59949000.0,
        "Net Income From Continuing And Discontinued Operation": -59949000.0,
        "Total Expenses": 202504000.0,
        "Total Operating Income As Reported": -61498000.0,
        "Diluted Average Shares": 119394180.0,
        "Basic Average Shares": 119394180.0,
        "Diluted EPS": -0.5,
        "Basic EPS": -0.5,
        "Diluted NI Availto Com Stockholders": -59949000.0,
        "Net Income Common Stockholders": -59949000.0,
        "Net Income": -59949000.0,
        "Net Income Including Noncontrolling Interests": -59949000.0,
        "Net Income Continuous Operations": -59949000.0,
        "Tax Provision": 2146000.0,
        "Pretax Income": -57803000.0,
        "Other Income Expense": -1040000.0,
        "Other Non Operating Income Expenses": -1040000.0,
        "Special Income Charges": NaN,
        "Restructuring And Mergern Acquisition": NaN,
        "Net Non Operating Interest Income Expense": 4735000.0,
        "Interest Expense Non Operating": 1000.0,
        "Interest Income Non Operating": 4736000.0,
        "Operating Income": -61498000.0,
        "Operating Expense": 154412000.0,
        "Research And Development": 68638000.0,
        "Selling General And Administration": 85774000.0,
        "Gross Profit": 92914000.0,
        "Cost Of Revenue": 48092000.0,
        "Total Revenue": 141006000.0,
        "Operating Revenue": 141006000.0
    }
}