{
    "2023-06-30": {
        "Tax Effect Of Unusual Items": NaN,
        "Tax Rate For Calcs": NaN,
        "Normalized EBITDA": NaN,
        "Total Unusual Items": NaN,
        "Total Unusual Items Excluding Goodwill": NaN,
        "Net Income From Continuing Operation Net Minority Interest": NaN,
        "Reconciled Depreciation": NaN,
        "Reconciled Cost Of Revenue": NaN,
        "EBITDA": NaN,
        "EBIT": NaN,
        "Net Interest Income": NaN,
        "Interest Income": 996000.0,
        "Normalized Income": NaN,
        "Net Income From Continuing And Discontinued Operation": NaN,
        "Total Expenses": NaN,
        "Rent Expense Supplemental": NaN,
        "Total Operating Income As Reported": NaN,
        "Diluted Average Shares": NaN,
        "Basic Average Shares": NaN,
        "Diluted EPS": NaN,
        "Basic EPS": NaN,
        "Diluted NI Availto Com Stockholders": NaN,
        "Net Income Common Stockholders": NaN,
        "Net Income": NaN,
        "Minority Interests": NaN,
        "Net Income Including Noncontrolling Interests": NaN,
        "Net Income Continuous Operations": NaN,
        "Tax Provision": NaN,
        "Pretax Income": NaN,
        "Other Income Expense": NaN,
        "Special Income Charges": NaN,
        "Other Special Charges": 5671000.0,
        "Write Off": 78000.0,
        "Impairment Of Capital Assets": NaN,
        "Earnings From Equity Interest": NaN,
        "Net Non Operating Interest Income Expense": NaN,
        "Total Other Finance Cost": -996000.0,
        "Interest Income Non Operating": 996000.0,
        "Operating Income": NaN,
        "Operating Expense": NaN,
        "Other Operating Expenses": NaN,
        "Depreciation Amortization Depletion Income Statement": NaN,
        "Depreciation And Amortization In Income Statement": NaN,
        "Selling General And Administration": NaN,
        "General And Administrative Expense": NaN,
        "Other Gand A": NaN,
        "Gross Profit": NaN,
        "Cost Of Revenue": NaN,
        "Total Revenue": NaN,
        "Operating Revenue": NaN
    },
    "2023-03-31": {
        "Tax Effect Of Unusual Items": NaN,
        "Tax Rate For Calcs": NaN,
        "Normalized EBITDA": NaN,
        "Total Unusual Items": NaN,
        "Total Unusual Items Excluding Goodwill": NaN,
        "Net Income From Continuing Operation Net Minority Interest": NaN,
        "Reconciled Depreciation": NaN,
        "Reconciled Cost Of Revenue": NaN,
        "EBITDA": NaN,
        "EBIT": NaN,
        "Net Interest Income": NaN,
        "Interest Income": 1238000.0,
        "Normalized Income": NaN,
        "Net Income From Continuing And Discontinued Operation": NaN,
        "Total Expenses": NaN,
        "Rent Expense Supplemental": NaN,
        "Total Operating Income As Reported": NaN,
        "Diluted Average Shares": NaN,
        "Basic Average Shares": NaN,
        "Diluted EPS": NaN,
        "Basic EPS": NaN,
        "Diluted NI Availto Com Stockholders": NaN,
        "Net Income Common Stockholders": NaN,
        "Net Income": NaN,
        "Minority Interests": NaN,
        "Net Income Including Noncontrolling Interests": NaN,
        "Net Income Continuous Operations": NaN,
        "Tax Provision": NaN,
        "Pretax Income": NaN,
        "Other Income Expense": NaN,
        "Special Income Charges": NaN,
        "Other Special Charges": NaN,
        "Write Off": NaN,
        "Impairment Of Capital Assets": NaN,
        "Earnings From Equity Interest": NaN,
        "Net Non Operating Interest Income Expense": NaN,
        "Total Other Finance Cost": NaN,
        "Interest Income Non Operating": 1238000.0,
        "Operating Income": NaN,
        "Operating Expense": NaN,
        "Other Operating Expenses": 5377000.0,
        "Depreciation Amortization Depletion Income Statement": NaN,
        "Depreciation And Amortization In Income Statement": NaN,
        "Selling General And Administration": NaN,
        "General And Administrative Expense": NaN,
        "Other Gand A": NaN,
        "Gross Profit": NaN,
        "Cost Of Revenue": NaN,
        "Total Revenue": NaN,
        "Operating Revenue": NaN
    },
    "2022-12-31": {
        "Tax Effect Of Unusual Items": NaN,
        "Tax Rate For Calcs": NaN,
        "Normalized EBITDA": NaN,
        "Total Unusual Items": NaN,
        "Total Unusual Items Excluding Goodwill": NaN,
        "Net Income From Continuing Operation Net Minority Interest": NaN,
        "Reconciled Depreciation": NaN,
        "Reconciled Cost Of Revenue": NaN,
        "EBITDA": NaN,
        "EBIT": NaN,
        "Net Interest Income": NaN,
        "Interest Expense": -753000.0,
        "Interest Income": NaN,
        "Normalized Income": NaN,
        "Net Income From Continuing And Discontinued Operation": NaN,
        "Total Expenses": NaN,
        "Rent Expense Supplemental": NaN,
        "Total Operating Income As Reported": NaN,
        "Diluted Average Shares": NaN,
        "Basic Average Shares": NaN,
        "Diluted EPS": NaN,
        "Basic EPS": NaN,
        "Diluted NI Availto Com Stockholders": NaN,
        "Net Income Common Stockholders": NaN,
        "Net Income": NaN,
        "Minority Interests": NaN,
        "Net Income Including Noncontrolling Interests": NaN,
        "Net Income Continuous Operations": NaN,
        "Tax Provision": NaN,
        "Pretax Income": NaN,
        "Other Income Expense": NaN,
        "Special Income Charges": NaN,
        "Other Special Charges": NaN,
        "Write Off": NaN,
        "Impairment Of Capital Assets": 1063000.0,
        "Earnings From Equity Interest": NaN,
        "Net Non Operating Interest Income Expense": NaN,
        "Total Other Finance Cost": NaN,
        "Interest Expense Non Operating": -753000.0,
        "Interest Income Non Operating": NaN,
        "Operating Income": NaN,
        "Operating Expense": NaN,
        "Other Operating Expenses": 6568000.0,
        "Depreciation Amortization Depletion Income Statement": NaN,
        "Depreciation And Amortization In Income Statement": NaN,
        "Selling General And Administration": NaN,
        "General And Administrative Expense": NaN,
        "Other Gand A": NaN,
        "Gross Profit": NaN,
        "Cost Of Revenue": NaN,
        "Total Revenue": NaN,
        "Operating Revenue": NaN
    },
    "2022-09-30": {
        "Tax Effect Of Unusual Items": NaN,
        "Tax Rate For Calcs": NaN,
        "Normalized EBITDA": NaN,
        "Total Unusual Items": NaN,
        "Total Unusual Items Excluding Goodwill": NaN,
        "Net Income From Continuing Operation Net Minority Interest": NaN,
        "Reconciled Depreciation": NaN,
        "Reconciled Cost Of Revenue": NaN,
        "EBITDA": NaN,
        "EBIT": NaN,
        "Net Interest Income": NaN,
        "Interest Expense": 85000.0,
        "Interest Income": NaN,
        "Normalized Income": NaN,
        "Net Income From Continuing And Discontinued Operation": NaN,
        "Total Expenses": NaN,
        "Rent Expense Supplemental": NaN,
        "Total Operating Income As Reported": NaN,
        "Diluted Average Shares": NaN,
        "Basic Average Shares": NaN,
        "Diluted EPS": NaN,
        "Basic EPS": NaN,
        "Diluted NI Availto Com Stockholders": NaN,
        "Net Income Common Stockholders": NaN,
        "Net Income": NaN,
        "Minority Interests": NaN,
        "Net Income Including Noncontrolling Interests": NaN,
        "Net Income Continuous Operations": NaN,
        "Tax Provision": NaN,
        "Pretax Income": NaN,
        "Other Income Expense": NaN,
        "Special Income Charges": NaN,
        "Other Special Charges": NaN,
        "Write Off": NaN,
        "Impairment Of Capital Assets": NaN,
        "Earnings From Equity Interest": NaN,
        "Net Non Operating Interest Income Expense": NaN,
        "Total Other Finance Cost": NaN,
        "Interest Expense Non Operating": 85000.0,
        "Interest Income Non Operating": NaN,
        "Operating Income": NaN,
        "Operating Expense": NaN,
        "Other Operating Expenses": NaN,
        "Depreciation Amortization Depletion Income Statement": NaN,
        "Depreciation And Amortization In Income Statement": NaN,
        "Selling General And Administration": NaN,
        "General And Administrative Expense": NaN,
        "Other Gand A": NaN,
        "Gross Profit": NaN,
        "Cost Of Revenue": NaN,
        "Total Revenue": NaN,
        "Operating Revenue": NaN
    },
    "2022-06-30": {
        "Tax Effect Of Unusual Items": -55063.914579,
        "Tax Rate For Calcs": 0.133975,
        "Normalized EBITDA": 121294000.0,
        "Total Unusual Items": -411000.0,
        "Total Unusual Items Excluding Goodwill": -411000.0,
        "Net Income From Continuing Operation Net Minority Interest": 72419000.0,
        "Reconciled Depreciation": 34420000.0,
        "Reconciled Cost Of Revenue": 849321000.0,
        "EBITDA": 120883000.0,
        "EBIT": 86463000.0,
        "Net Interest Income": -395000.0,
        "Interest Expense": 395000.0,
        "Interest Income": NaN,
        "Normalized Income": 72774936.085421,
        "Net Income From Continuing And Discontinued Operation": 72419000.0,
        "Total Expenses": 938277000.0,
        "Rent Expense Supplemental": 16714000.0,
        "Total Operating Income As Reported": 85918000.0,
        "Diluted Average Shares": 67890000.0,
        "Basic Average Shares": 67654000.0,
        "Diluted EPS": 1.07,
        "Basic EPS": 1.07,
        "Diluted NI Availto Com Stockholders": 72419000.0,
        "Net Income Common Stockholders": 72419000.0,
        "Net Income": 72419000.0,
        "Minority Interests": -2118000.0,
        "Net Income Including Noncontrolling Interests": 74537000.0,
        "Net Income Continuous Operations": 74537000.0,
        "Tax Provision": 11531000.0,
        "Pretax Income": 86068000.0,
        "Other Income Expense": 134000.0,
        "Special Income Charges": -411000.0,
        "Other Special Charges": NaN,
        "Impairment Of Capital Assets": 411000.0,
        "Earnings From Equity Interest": 545000.0,
        "Net Non Operating Interest Income Expense": -395000.0,
        "Total Other Finance Cost": NaN,
        "Interest Expense Non Operating": 395000.0,
        "Interest Income Non Operating": NaN,
        "Operating Income": 86329000.0,
        "Operating Expense": 88956000.0,
        "Other Operating Expenses": 5323000.0,
        "Depreciation Amortization Depletion Income Statement": 34420000.0,
        "Depreciation And Amortization In Income Statement": 34420000.0,
        "Selling General And Administration": 49213000.0,
        "General And Administrative Expense": 49213000.0,
        "Other Gand A": 49213000.0,
        "Gross Profit": 175285000.0,
        "Cost Of Revenue": 849321000.0,
        "Total Revenue": 1024606000.0,
        "Operating Revenue": 1024606000.0
    },
    "2022-03-31": {
        "Diluted EPS": 1.08,
        "Total Revenue": 987,
        "Gross Profit": 168,
        "Operating Income": 90,
        "EBIT": 124,
        "Net Income": 75
    },
    "2021-12-31": {
        "Diluted EPS": 0.76,
        "Total Revenue": 896,
        "Gross Profit": 147,
        "Operating Income": 65,
        "EBIT": 97,
        "Net Income": 53
    },
    "2021-09-30": {
        "Diluted EPS": 0.75,
        "Total Revenue": 869,
        "Gross Profit": 141,
        "Operating Income": 62,
        "EBIT": 93,
        "Net Income": 53
    },
    "2021-06-30": {
        "Diluted EPS": 1.08,
        "Total Revenue": 899,
        "Gross Profit": 165,
        "Operating Income": 90,
        "EBIT": 121,
        "Net Income": 75
    },
    "2021-03-31": {
        "Diluted EPS": 0.91,
        "Total Revenue": 801,
        "Gross Profit": 153,
        "Operating Income": 81,
        "EBIT": 112,
        "Net Income": 64
    },
    "2020-12-31": {
        "Diluted EPS": 0.28,
        "Total Revenue": 638,
        "Gross Profit": 89,
        "Operating Income": 20,
        "EBIT": 51,
        "Net Income": 20
    },
    "2020-09-30": {
        "Diluted EPS": 0.42,
        "Total Revenue": 631,
        "Gross Profit": 96,
        "Operating Income": 35,
        "EBIT": 64,
        "Net Income": 29
    },
    "2020-06-30": {
        "Diluted EPS": -0.48,
        "Total Revenue": 476,
        "Gross Profit": 15,
        "Operating Income": -47,
        "EBIT": -18,
        "Net Income": -34
    },
    "2020-03-31": {
        "Diluted EPS": 0.23,
        "Total Revenue": 653,
        "Gross Profit": 84,
        "Operating Income": 16,
        "EBIT": 45,
        "Net Income": 16
    },
    "2019-12-31": {
        "Diluted EPS": 0.61,
        "Total Revenue": 725,
        "Gross Profit": 129,
        "Operating Income": 53,
        "EBIT": 84,
        "Net Income": 43
    },
    "2019-09-30": {
        "Diluted EPS": 0.52,
        "Total Revenue": 650,
        "Gross Profit": 113,
        "Operating Income": 45,
        "EBIT": 73,
        "Net Income": 37
    },
    "2019-06-30": {
        "Diluted EPS": 0.63,
        "Total Revenue": 690,
        "Gross Profit": 126,
        "Operating Income": 53,
        "EBIT": 82,
        "Net Income": 45
    },
    "2019-03-31": {
        "Diluted EPS": 0.7,
        "Total Revenue": 691,
        "Gross Profit": 128,
        "Operating Income": 60,
        "EBIT": 88,
        "Net Income": 50
    },
    "2018-12-31": {
        "Diluted EPS": 0.42,
        "Total Revenue": 606,
        "Gross Profit": 101,
        "Operating Income": 33,
        "EBIT": 59,
        "Net Income": 30
    },
    "2018-09-30": {
        "Diluted EPS": 0.4,
        "Total Revenue": 595,
        "Gross Profit": 101,
        "Operating Income": 35,
        "EBIT": 61,
        "Net Income": 29
    },
    "2018-06-30": {
        "Diluted EPS": 0.62,
        "Total Revenue": 629,
        "Gross Profit": 119,
        "Operating Income": 54,
        "EBIT": 79,
        "Net Income": 44
    },
    "2018-03-31": {
        "Diluted EPS": 0.76,
        "Total Revenue": 628,
        "Gross Profit": 125,
        "Operating Income": 65,
        "EBIT": 89,
        "Net Income": 55
    },
    "2017-12-31": {
        "Diluted EPS": 0.4,
        "Total Revenue": 545,
        "Gross Profit": 96,
        "Operating Income": 37,
        "EBIT": 62,
        "Net Income": 29
    },
    "2017-09-30": {
        "Diluted EPS": 0.43,
        "Total Revenue": 541,
        "Gross Profit": 100,
        "Operating Income": 46,
        "EBIT": 69,
        "Net Income": 31
    },
    "2017-06-30": {
        "Diluted EPS": 0.53,
        "Total Revenue": 566,
        "Gross Profit": 111,
        "Operating Income": 54,
        "EBIT": 77,
        "Net Income": 38
    },
    "2017-03-31": {
        "Diluted EPS": 0.48,
        "Total Revenue": 568,
        "Gross Profit": 117,
        "Operating Income": 49,
        "EBIT": 72,
        "Net Income": 34
    },
    "2016-12-31": {
        "Diluted EPS": 0.3,
        "Total Revenue": 485,
        "Gross Profit": 86,
        "Operating Income": 31,
        "EBIT": 53,
        "Net Income": 21
    },
    "2016-09-30": {
        "Diluted EPS": 0.36,
        "Total Revenue": 482,
        "Gross Profit": 91,
        "Operating Income": 38,
        "EBIT": 59,
        "Net Income": 26
    },
    "2016-06-30": {
        "Diluted EPS": 0.47,
        "Total Revenue": 509,
        "Gross Profit": 101,
        "Operating Income": 50,
        "EBIT": 70,
        "Net Income": 34
    },
    "2016-03-31": {
        "Diluted EPS": 0.5,
        "Total Revenue": 516,
        "Gross Profit": 107,
        "Operating Income": 53,
        "EBIT": 72,
        "Net Income": 36
    },
    "2015-12-31": {
        "Diluted EPS": 0.32,
        "Total Revenue": 454,
        "Gross Profit": 83,
        "Operating Income": 34,
        "EBIT": 52,
        "Net Income": 23
    },
    "2015-09-30": {
        "Diluted EPS": 0.29,
        "Total Revenue": 438,
        "Gross Profit": 76,
        "Operating Income": 31,
        "EBIT": 48,
        "Net Income": 20
    },
    "2015-06-30": {
        "Diluted EPS": 0.3,
        "Total Revenue": 455,
        "Gross Profit": 77,
        "Operating Income": 32,
        "EBIT": 49,
        "Net Income": 21
    },
    "2015-03-31": {
        "Diluted EPS": 0.46,
        "Total Revenue": 460,
        "Gross Profit": 91,
        "Operating Income": 49,
        "EBIT": 65,
        "Net Income": 32
    },
    "2014-12-31": {
        "Diluted EPS": 0.26,
        "Total Revenue": 404,
        "Gross Profit": 70,
        "Operating Income": 27,
        "EBIT": 43,
        "Net Income": 19
    },
    "2014-09-30": {
        "Diluted EPS": 0.27,
        "Total Revenue": 385,
        "Gross Profit": 67,
        "Operating Income": 29,
        "EBIT": 44,
        "Net Income": 19
    },
    "2014-06-30": {
        "Diluted EPS": 0.33,
        "Total Revenue": 395,
        "Gross Profit": 75,
        "Operating Income": 34,
        "EBIT": 49,
        "Net Income": 23
    },
    "2014-03-31": {
        "Diluted EPS": 0.37,
        "Total Revenue": 397,
        "Gross Profit": 79,
        "Operating Income": 40,
        "EBIT": 54,
        "Net Income": 26
    },
    "2013-12-31": {
        "Diluted EPS": 0.24,
        "Total Revenue": 376,
        "Gross Profit": 66,
        "Operating Income": 26,
        "EBIT": 41,
        "Net Income": 17
    },
    "2013-09-30": {
        "Diluted EPS": 0.24,
        "Total Revenue": 335,
        "Gross Profit": 60,
        "Operating Income": 26,
        "EBIT": 38,
        "Net Income": 17
    },
    "2013-06-30": {
        "Diluted EPS": 0.28,
        "Total Revenue": 352,
        "Gross Profit": 68,
        "Operating Income": 30,
        "EBIT": 42,
        "Net Income": 20
    },
    "2013-03-31": {
        "Diluted EPS": 0.37,
        "Total Revenue": 360,
        "Gross Profit": 71,
        "Operating Income": 38,
        "EBIT": 50,
        "Net Income": 26
    },
    "2012-12-31": {
        "Diluted EPS": 0.2,
        "Total Revenue": 310,
        "Gross Profit": 57,
        "Operating Income": 22,
        "EBIT": 34,
        "Net Income": 14
    },
    "2012-09-30": {
        "Diluted EPS": 0.25,
        "Total Revenue": 309,
        "Gross Profit": 58,
        "Operating Income": 28,
        "EBIT": 40,
        "Net Income": 18
    },
    "2012-06-30": {
        "Diluted EPS": 0.28,
        "Total Revenue": 320,
        "Gross Profit": 63,
        "Operating Income": 31,
        "EBIT": 43,
        "Net Income": 20
    },
    "2012-03-31": {
        "Diluted EPS": 0.27,
        "Total Revenue": 325,
        "Gross Profit": 64,
        "Operating Income": 29,
        "EBIT": 41,
        "Net Income": 19
    },
    "2011-12-31": {
        "Diluted EPS": 0.17,
        "Total Revenue": 277,
        "Gross Profit": 49,
        "Operating Income": 18,
        "EBIT": 29,
        "Net Income": 12
    },
    "2011-09-30": {
        "Diluted EPS": 0.22,
        "Total Revenue": 269,
        "Gross Profit": 50,
        "Operating Income": 23,
        "EBIT": 34,
        "Net Income": 16
    },
    "2011-06-30": {
        "Diluted EPS": 0.22,
        "Total Revenue": 280,
        "Gross Profit": 53,
        "Operating Income": 24,
        "EBIT": 34,
        "Net Income": 16
    },
    "2011-03-31": {
        "Diluted EPS": 0.27,
        "Total Revenue": 284,
        "Gross Profit": 57,
        "Operating Income": 30,
        "EBIT": 41,
        "Net Income": 20
    },
    "2010-12-31": {
        "Diluted EPS": 0.13,
        "Total Revenue": 245,
        "Gross Profit": 44,
        "Operating Income": 16,
        "EBIT": 26,
        "Net Income": 10
    },
    "2010-09-30": {
        "Diluted EPS": 0.19,
        "Total Revenue": 246,
        "Gross Profit": 46,
        "Operating Income": 21,
        "EBIT": 32,
        "Net Income": 14
    },
    "2010-06-30": {
        "Diluted EPS": 0.21,
        "Total Revenue": 255,
        "Gross Profit": 50,
        "Operating Income": 23,
        "EBIT": 34,
        "Net Income": 15
    },
    "2010-03-31": {
        "Diluted EPS": 0.27,
        "Total Revenue": 260,
        "Gross Profit": 54,
        "Operating Income": 30,
        "EBIT": 40,
        "Net Income": 19
    },
    "2009-12-31": {
        "Diluted EPS": 0.13,
        "Total Revenue": 227,
        "Gross Profit": 41,
        "Operating Income": 15,
        "EBIT": 25,
        "Net Income": 9
    },
    "2009-09-30": {
        "Diluted EPS": 0.15,
        "Total Revenue": 226,
        "Gross Profit": 41,
        "Operating Income": 17,
        "EBIT": 28,
        "Net Income": 11
    },
    "2009-06-30": {
        "Diluted EPS": 0.19,
        "Total Revenue": 242,
        "Gross Profit": 46,
        "Operating Income": 21,
        "EBIT": 32,
        "Net Income": 14
    },
    "2009-03-31": {
        "Diluted EPS": 0.2,
        "Total Revenue": 246,
        "Gross Profit": 46,
        "Operating Income": 22,
        "EBIT": 33,
        "Net Income": 14
    },
    "2023-09-30": {
        "Tax Effect Of Unusual Items": 238.0,
        "Tax Rate For Calcs": 0.119,
        "Normalized EBITDA": 112979000.0,
        "Total Unusual Items": 2000.0,
        "Total Unusual Items Excluding Goodwill": 2000.0,
        "Net Income From Continuing Operation Net Minority Interest": 63788000.0,
        "Reconciled Depreciation": 39124000.0,
        "Reconciled Cost Of Revenue": 952400000.0,
        "EBITDA": 112981000.0,
        "EBIT": 73857000.0,
        "Net Interest Income": 496000.0,
        "Interest Income": NaN,
        "Normalized Income": 63786238.0,
        "Net Income From Continuing And Discontinued Operation": 63788000.0,
        "Total Expenses": 1047895000.0,
        "Rent Expense Supplemental": 18177000.0,
        "Total Operating Income As Reported": 73859000.0,
        "Diluted Average Shares": 67014000.0,
        "Basic Average Shares": 66779000.0,
        "Diluted EPS": 0.95,
        "Basic EPS": 0.96,
        "Diluted NI Availto Com Stockholders": 63788000.0,
        "Net Income Common Stockholders": 63788000.0,
        "Net Income": 63788000.0,
        "Minority Interests": -1836000.0,
        "Net Income Including Noncontrolling Interests": 65624000.0,
        "Net Income Continuous Operations": 65624000.0,
        "Tax Provision": 8870000.0,
        "Pretax Income": 74494000.0,
        "Other Income Expense": 141000.0,
        "Special Income Charges": 2000.0,
        "Other Special Charges": NaN,
        "Write Off": -2000.0,
        "Impairment Of Capital Assets": -2000.0,
        "Earnings From Equity Interest": 139000.0,
        "Net Non Operating Interest Income Expense": 496000.0,
        "Total Other Finance Cost": -496000.0,
        "Interest Income Non Operating": NaN,
        "Operating Income": 73857000.0,
        "Operating Expense": 95495000.0,
        "Other Operating Expenses": 8663000.0,
        "Depreciation Amortization Depletion Income Statement": 39124000.0,
        "Depreciation And Amortization In Income Statement": 39124000.0,
        "Selling General And Administration": 47708000.0,
        "General And Administrative Expense": 47708000.0,
        "Other Gand A": 47708000.0,
        "Gross Profit": 169352000.0,
        "Cost Of Revenue": 952400000.0,
        "Total Revenue": 1121752000.0,
        "Operating Revenue": 1121752000.0
    },
    "2023-12-31": {
        "Tax Effect Of Unusual Items": -15691.770491,
        "Tax Rate For Calcs": 0.108971,
        "Normalized EBITDA": 124499000.0,
        "Total Unusual Items": -144000.0,
        "Total Unusual Items Excluding Goodwill": -144000.0,
        "Net Income From Continuing Operation Net Minority Interest": 72430000.0,
        "Reconciled Depreciation": 40438000.0,
        "Reconciled Cost Of Revenue": 980674000.0,
        "EBITDA": 124355000.0,
        "EBIT": 83917000.0,
        "Net Interest Income": 254000.0,
        "Interest Income": NaN,
        "Normalized Income": 72558308.229509,
        "Net Income From Continuing And Discontinued Operation": 72430000.0,
        "Total Expenses": 1080444000.0,
        "Rent Expense Supplemental": 18765000.0,
        "Total Operating Income As Reported": 83773000.0,
        "Diluted Average Shares": 67078000.0,
        "Basic Average Shares": 66803000.0,
        "Diluted EPS": 1.08,
        "Basic EPS": 1.08,
        "Diluted NI Availto Com Stockholders": 72430000.0,
        "Net Income Common Stockholders": 72430000.0,
        "Net Income": 72430000.0,
        "Minority Interests": -2592000.0,
        "Net Income Including Noncontrolling Interests": 75022000.0,
        "Net Income Continuous Operations": 75022000.0,
        "Tax Provision": 9175000.0,
        "Pretax Income": 84197000.0,
        "Other Income Expense": 26000.0,
        "Special Income Charges": -144000.0,
        "Other Special Charges": NaN,
        "Write Off": 144000.0,
        "Impairment Of Capital Assets": 144000.0,
        "Earnings From Equity Interest": 170000.0,
        "Net Non Operating Interest Income Expense": 254000.0,
        "Total Other Finance Cost": -254000.0,
        "Interest Income Non Operating": NaN,
        "Operating Income": 83917000.0,
        "Operating Expense": 99770000.0,
        "Other Operating Expenses": 9523000.0,
        "Depreciation Amortization Depletion Income Statement": 40438000.0,
        "Depreciation And Amortization In Income Statement": 40438000.0,
        "Selling General And Administration": 49809000.0,
        "General And Administrative Expense": 49809000.0,
        "Other Gand A": 49809000.0,
        "Gross Profit": 183687000.0,
        "Cost Of Revenue": 980674000.0,
        "Total Revenue": 1164361000.0,
        "Operating Revenue": 1164361000.0
    },
    "2024-03-31": {
        "Tax Effect Of Unusual Items": -27939.0,
        "Tax Rate For Calcs": 0.139,
        "Normalized EBITDA": 175023000.0,
        "Total Unusual Items": -201000.0,
        "Total Unusual Items Excluding Goodwill": -201000.0,
        "Net Income From Continuing Operation Net Minority Interest": 113206000.0,
        "Reconciled Depreciation": 41493000.0,
        "Reconciled Cost Of Revenue": 1085705000.0,
        "EBITDA": 174822000.0,
        "EBIT": 133329000.0,
        "Net Interest Income": 1408000.0,
        "Interest Income": 1408000.0,
        "Normalized Income": 113379061.0,
        "Net Income From Continuing And Discontinued Operation": 113206000.0,
        "Total Expenses": 1187888000.0,
        "Rent Expense Supplemental": 19425000.0,
        "Total Operating Income As Reported": 133128000.0,
        "Diluted Average Shares": 67105000.0,
        "Basic Average Shares": 66843000.0,
        "Diluted EPS": 1.69,
        "Basic EPS": 1.69,
        "Diluted NI Availto Com Stockholders": 113206000.0,
        "Net Income Common Stockholders": 113206000.0,
        "Net Income": 113206000.0,
        "Minority Interests": -2784000.0,
        "Net Income Including Noncontrolling Interests": 115990000.0,
        "Net Income Continuous Operations": 115990000.0,
        "Tax Provision": 18803000.0,
        "Pretax Income": 134793000.0,
        "Other Income Expense": 56000.0,
        "Special Income Charges": -201000.0,
        "Other Special Charges": NaN,
        "Write Off": 201000.0,
        "Impairment Of Capital Assets": 201000.0,
        "Earnings From Equity Interest": 257000.0,
        "Net Non Operating Interest Income Expense": 1408000.0,
        "Total Other Finance Cost": NaN,
        "Interest Income Non Operating": 1408000.0,
        "Operating Income": 133329000.0,
        "Operating Expense": 102183000.0,
        "Other Operating Expenses": 8095000.0,
        "Depreciation Amortization Depletion Income Statement": 41493000.0,
        "Depreciation And Amortization In Income Statement": 41493000.0,
        "Selling General And Administration": 52595000.0,
        "General And Administrative Expense": 52595000.0,
        "Other Gand A": 52595000.0,
        "Gross Profit": 235512000.0,
        "Cost Of Revenue": 1085705000.0,
        "Total Revenue": 1321217000.0,
        "Operating Revenue": 1321217000.0
    },
    "2024-06-30": {
        "Tax Effect Of Unusual Items": -943800.0,
        "Tax Rate For Calcs": 0.15,
        "Normalized EBITDA": 198315000.0,
        "Total Unusual Items": -6292000.0,
        "Total Unusual Items Excluding Goodwill": -6292000.0,
        "Net Income From Continuing Operation Net Minority Interest": 120141000.0,
        "Reconciled Depreciation": 42915000.0,
        "Reconciled Cost Of Revenue": 1091031000.0,
        "EBITDA": 192023000.0,
        "EBIT": 149108000.0,
        "Net Interest Income": 1683000.0,
        "Interest Income": 1683000.0,
        "Normalized Income": 125489200.0,
        "Net Income From Continuing And Discontinued Operation": 120141000.0,
        "Total Expenses": 1192094000.0,
        "Rent Expense Supplemental": 19956000.0,
        "Total Operating Income As Reported": 142816000.0,
        "Diluted Average Shares": 67044000.0,
        "Basic Average Shares": 66785000.0,
        "Diluted EPS": 1.79,
        "Basic EPS": 1.8,
        "Diluted NI Availto Com Stockholders": 120141000.0,
        "Net Income Common Stockholders": 120141000.0,
        "Net Income": 120141000.0,
        "Minority Interests": -2934000.0,
        "Net Income Including Noncontrolling Interests": 123075000.0,
        "Net Income Continuous Operations": 123075000.0,
        "Tax Provision": 21710000.0,
        "Pretax Income": 144785000.0,
        "Other Income Expense": -6006000.0,
        "Special Income Charges": -6292000.0,
        "Other Special Charges": 6202000.0,
        "Write Off": 90000.0,
        "Impairment Of Capital Assets": 90000.0,
        "Earnings From Equity Interest": 286000.0,
        "Net Non Operating Interest Income Expense": 1683000.0,
        "Total Other Finance Cost": NaN,
        "Interest Income Non Operating": 1683000.0,
        "Operating Income": 149108000.0,
        "Operating Expense": 101063000.0,
        "Other Operating Expenses": NaN,
        "Depreciation Amortization Depletion Income Statement": 42915000.0,
        "Depreciation And Amortization In Income Statement": 42915000.0,
        "Selling General And Administration": 58148000.0,
        "General And Administrative Expense": 58148000.0,
        "Other Gand A": 58148000.0,
        "Gross Profit": 250171000.0,
        "Cost Of Revenue": 1091031000.0,
        "Total Revenue": 1341202000.0,
        "Operating Revenue": 1341202000.0
    },
    "2024-09-30": {
        "Tax Effect Of Unusual Items": -140971.835583,
        "Tax Rate For Calcs": 0.167028,
        "Normalized EBITDA": 148221000.0,
        "Total Unusual Items": -844000.0,
        "Total Unusual Items Excluding Goodwill": -844000.0,
        "Net Income From Continuing Operation Net Minority Interest": 84412000.0,
        "Reconciled Depreciation": 44510000.0,
        "Reconciled Cost Of Revenue": 1063209000.0,
        "EBITDA": 147377000.0,
        "EBIT": 102867000.0,
        "Net Interest Income": 1916000.0,
        "Interest Income": NaN,
        "Normalized Income": 85115028.164417,
        "Net Income From Continuing And Discontinued Operation": 84412000.0,
        "Total Expenses": 1170132000.0,
        "Rent Expense Supplemental": 20162000.0,
        "Total Operating Income As Reported": 102023000.0,
        "Diluted Average Shares": 66943000.0,
        "Basic Average Shares": 66704000.0,
        "Diluted EPS": 1.26,
        "Basic EPS": 1.27,
        "Diluted NI Availto Com Stockholders": 84412000.0,
        "Net Income Common Stockholders": 84412000.0,
        "Net Income": 84412000.0,
        "Minority Interests": -2362000.0,
        "Net Income Including Noncontrolling Interests": 86774000.0,
        "Net Income Continuous Operations": 86774000.0,
        "Tax Provision": 17400000.0,
        "Pretax Income": 104174000.0,
        "Other Income Expense": -609000.0,
        "Special Income Charges": -844000.0,
        "Other Special Charges": NaN,
        "Write Off": NaN,
        "Impairment Of Capital Assets": 844000.0,
        "Earnings From Equity Interest": 235000.0,
        "Net Non Operating Interest Income Expense": 1916000.0,
        "Total Other Finance Cost": -1916000.0,
        "Interest Income Non Operating": NaN,
        "Operating Income": 102867000.0,
        "Operating Expense": 106923000.0,
        "Other Operating Expenses": 7282000.0,
        "Depreciation Amortization Depletion Income Statement": 44510000.0,
        "Depreciation And Amortization In Income Statement": 44510000.0,
        "Selling General And Administration": 55131000.0,
        "General And Administrative Expense": 55131000.0,
        "Other Gand A": 55131000.0,
        "Gross Profit": 209790000.0,
        "Cost Of Revenue": 1063209000.0,
        "Total Revenue": 1272999000.0,
        "Operating Revenue": 1272999000.0
    }
}