{
    "2023-06-30": {
        "Tax Effect Of Unusual Items": 0.0,
        "Tax Rate For Calcs": 0.125,
        "Normalized EBITDA": 102918000.0,
        "Net Income From Continuing Operation Net Minority Interest": 49130000.0,
        "Reconciled Depreciation": 40401000.0,
        "Reconciled Cost Of Revenue": 259067000.0,
        "EBITDA": 102918000.0,
        "EBIT": 62517000.0,
        "Net Interest Income": -6387000.0,
        "Interest Expense": 6387000.0,
        "Normalized Income": 49130000.0,
        "Net Income From Continuing And Discontinued Operation": 49130000.0,
        "Total Expenses": 442405000.0,
        "Total Operating Income As Reported": 61874000.0,
        "Diluted Average Shares": 42751000.0,
        "Basic Average Shares": 41980000.0,
        "Diluted EPS": 1.15,
        "Basic EPS": 1.17,
        "Diluted NI Availto Com Stockholders": 49130000.0,
        "Net Income Common Stockholders": 49130000.0,
        "Net Income": 49130000.0,
        "Net Income Including Noncontrolling Interests": 49130000.0,
        "Net Income Continuous Operations": 49130000.0,
        "Tax Provision": 7000000.0,
        "Pretax Income": 56130000.0,
        "Other Income Expense": 643000.0,
        "Other Non Operating Income Expenses": 643000.0,
        "Net Non Operating Interest Income Expense": -6387000.0,
        "Interest Expense Non Operating": 6387000.0,
        "Operating Income": 61874000.0,
        "Operating Expense": 161303000.0,
        "Depreciation Amortization Depletion Income Statement": 18366000.0,
        "Depreciation And Amortization In Income Statement": 18366000.0,
        "Amortization": 18366000.0,
        "Amortization Of Intangibles Income Statement": 18366000.0,
        "Research And Development": 28153000.0,
        "Selling General And Administration": 114784000.0,
        "Selling And Marketing Expense": 37103000.0,
        "General And Administrative Expense": 77681000.0,
        "Other Gand A": 77681000.0,
        "Gross Profit": 223177000.0,
        "Cost Of Revenue": 281102000.0,
        "Total Revenue": 504279000.0,
        "Operating Revenue": 504279000.0
    },
    "2023-03-31": {
        "Tax Effect Of Unusual Items": 0.0,
        "Tax Rate For Calcs": 0.199,
        "Normalized EBITDA": 88142000.0,
        "Net Income From Continuing Operation Net Minority Interest": 30875000.0,
        "Reconciled Depreciation": 41916000.0,
        "Reconciled Cost Of Revenue": 248507000.0,
        "EBITDA": 88142000.0,
        "EBIT": 46226000.0,
        "Net Interest Income": -7684000.0,
        "Interest Expense": 7684000.0,
        "Normalized Income": 30875000.0,
        "Net Income From Continuing And Discontinued Operation": 30875000.0,
        "Total Expenses": 426873000.0,
        "Total Operating Income As Reported": 44980000.0,
        "Diluted Average Shares": 42506000.0,
        "Basic Average Shares": 41832000.0,
        "Diluted EPS": 0.73,
        "Basic EPS": 0.74,
        "Diluted NI Availto Com Stockholders": 30875000.0,
        "Net Income Common Stockholders": 30875000.0,
        "Net Income": 30875000.0,
        "Net Income Including Noncontrolling Interests": 30875000.0,
        "Net Income Continuous Operations": 30875000.0,
        "Tax Provision": 7667000.0,
        "Pretax Income": 38542000.0,
        "Other Income Expense": 1246000.0,
        "Other Non Operating Income Expenses": 1246000.0,
        "Net Non Operating Interest Income Expense": -7684000.0,
        "Interest Expense Non Operating": 7684000.0,
        "Operating Income": 44980000.0,
        "Operating Expense": 154857000.0,
        "Depreciation Amortization Depletion Income Statement": 18407000.0,
        "Depreciation And Amortization In Income Statement": 18407000.0,
        "Amortization": 18407000.0,
        "Amortization Of Intangibles Income Statement": 18407000.0,
        "Research And Development": 26987000.0,
        "Selling General And Administration": 109463000.0,
        "Selling And Marketing Expense": 37103000.0,
        "General And Administrative Expense": 72360000.0,
        "Other Gand A": 72360000.0,
        "Gross Profit": 199837000.0,
        "Cost Of Revenue": 272016000.0,
        "Total Revenue": 471853000.0,
        "Operating Revenue": 471853000.0
    },
    "2022-12-31": {
        "Tax Effect Of Unusual Items": 0.0,
        "Tax Rate For Calcs": 0.075612,
        "Normalized EBITDA": 96813000.0,
        "Net Income From Continuing Operation Net Minority Interest": 31077000.0,
        "Reconciled Depreciation": 55091000.0,
        "Reconciled Cost Of Revenue": 221901000.0,
        "EBITDA": 96813000.0,
        "EBIT": 41722000.0,
        "Net Interest Income": -8103000.0,
        "Interest Expense": 8103000.0,
        "Normalized Income": 31077000.0,
        "Net Income From Continuing And Discontinued Operation": 31077000.0,
        "Total Expenses": 411510000.0,
        "Total Operating Income As Reported": 40711000.0,
        "Diluted Average Shares": 42419000.0,
        "Basic Average Shares": 41707000.0,
        "Diluted EPS": 0.73,
        "Basic EPS": 0.75,
        "Diluted NI Availto Com Stockholders": 31077000.0,
        "Net Income Common Stockholders": 31077000.0,
        "Net Income": 31077000.0,
        "Net Income Including Noncontrolling Interests": 31077000.0,
        "Net Income Continuous Operations": 31077000.0,
        "Tax Provision": 2542000.0,
        "Pretax Income": 33619000.0,
        "Other Income Expense": 1011000.0,
        "Other Non Operating Income Expenses": 1011000.0,
        "Net Non Operating Interest Income Expense": -8103000.0,
        "Interest Expense Non Operating": 8103000.0,
        "Operating Income": 40711000.0,
        "Operating Expense": 152622000.0,
        "Depreciation Amortization Depletion Income Statement": 18104000.0,
        "Depreciation And Amortization In Income Statement": 18104000.0,
        "Amortization": 18104000.0,
        "Amortization Of Intangibles Income Statement": 18104000.0,
        "Research And Development": 32667000.0,
        "Selling General And Administration": 101851000.0,
        "Selling And Marketing Expense": NaN,
        "General And Administrative Expense": NaN,
        "Other Gand A": NaN,
        "Gross Profit": 193333000.0,
        "Cost Of Revenue": 258888000.0,
        "Total Revenue": 452221000.0,
        "Operating Revenue": 452221000.0
    },
    "2022-09-30": {
        "Tax Effect Of Unusual Items": 0.0,
        "Tax Rate For Calcs": 0.21,
        "Normalized EBITDA": 102128000.0,
        "Net Income From Continuing Operation Net Minority Interest": 53233000.0,
        "Reconciled Depreciation": 41084000.0,
        "Reconciled Cost Of Revenue": 242385000.0,
        "EBITDA": 102128000.0,
        "EBIT": 61044000.0,
        "Net Interest Income": -9258000.0,
        "Interest Expense": 9258000.0,
        "Normalized Income": 53233000.0,
        "Net Income From Continuing And Discontinued Operation": 53233000.0,
        "Total Expenses": 412278000.0,
        "Total Operating Income As Reported": 60913000.0,
        "Diluted Average Shares": 42407000.0,
        "Basic Average Shares": 41600000.0,
        "Diluted EPS": 1.26,
        "Basic EPS": 1.28,
        "Diluted NI Availto Com Stockholders": 53233000.0,
        "Net Income Common Stockholders": 53233000.0,
        "Net Income": 53233000.0,
        "Net Income Including Noncontrolling Interests": 53233000.0,
        "Net Income Continuous Operations": 53233000.0,
        "Tax Provision": -1447000.0,
        "Pretax Income": 51786000.0,
        "Other Income Expense": 131000.0,
        "Other Non Operating Income Expenses": 131000.0,
        "Net Non Operating Interest Income Expense": -9258000.0,
        "Interest Expense Non Operating": 9258000.0,
        "Operating Income": 60913000.0,
        "Operating Expense": 143750000.0,
        "Depreciation Amortization Depletion Income Statement": 14941000.0,
        "Depreciation And Amortization In Income Statement": 14941000.0,
        "Amortization": 14941000.0,
        "Amortization Of Intangibles Income Statement": 14941000.0,
        "Research And Development": 25190000.0,
        "Selling General And Administration": 103619000.0,
        "Selling And Marketing Expense": NaN,
        "General And Administrative Expense": NaN,
        "Other Gand A": NaN,
        "Gross Profit": 204663000.0,
        "Cost Of Revenue": 268528000.0,
        "Total Revenue": 473191000.0,
        "Operating Revenue": 473191000.0
    },
    "2022-06-30": {
        "Tax Effect Of Unusual Items": 0.0,
        "Tax Rate For Calcs": 0.213026,
        "Normalized EBITDA": 94690000.0,
        "Net Income From Continuing Operation Net Minority Interest": 39946000.0,
        "Reconciled Depreciation": 37717000.0,
        "Reconciled Cost Of Revenue": 251124000.0,
        "EBITDA": 94690000.0,
        "EBIT": 56973000.0,
        "Net Interest Income": -6214000.0,
        "Interest Expense": 6214000.0,
        "Normalized Income": 39946000.0,
        "Net Income From Continuing And Discontinued Operation": 39946000.0,
        "Total Expenses": 411928000.0,
        "Total Operating Income As Reported": 56757000.0,
        "Diluted Average Shares": 42321000.0,
        "Basic Average Shares": 41500000.0,
        "Diluted EPS": 0.94,
        "Basic EPS": 0.96,
        "Diluted NI Availto Com Stockholders": 39946000.0,
        "Net Income Common Stockholders": 39946000.0,
        "Net Income": 39946000.0,
        "Net Income Including Noncontrolling Interests": 39946000.0,
        "Net Income Continuous Operations": 39946000.0,
        "Tax Provision": 10813000.0,
        "Pretax Income": 50759000.0,
        "Other Income Expense": 216000.0,
        "Other Non Operating Income Expenses": 216000.0,
        "Net Non Operating Interest Income Expense": -6214000.0,
        "Interest Expense Non Operating": 6214000.0,
        "Operating Income": 56757000.0,
        "Operating Expense": 136691000.0,
        "Depreciation Amortization Depletion Income Statement": 13604000.0,
        "Depreciation And Amortization In Income Statement": 13604000.0,
        "Amortization": 13604000.0,
        "Amortization Of Intangibles Income Statement": 13604000.0,
        "Research And Development": 23386000.0,
        "Selling General And Administration": 99701000.0,
        "Selling And Marketing Expense": NaN,
        "General And Administrative Expense": NaN,
        "Other Gand A": NaN,
        "Gross Profit": 193448000.0,
        "Cost Of Revenue": 275237000.0,
        "Total Revenue": 468685000.0,
        "Operating Revenue": 468685000.0
    },
    "2022-03-31": {
        "Diluted EPS": 0.94,
        "Total Revenue": 456,
        "Gross Profit": 192,
        "Operating Income": 56,
        "EBIT": 97,
        "Net Income": 40
    },
    "2021-12-31": {
        "Diluted EPS": 1.29,
        "Total Revenue": 434,
        "Gross Profit": 187,
        "Operating Income": 48,
        "EBIT": 96,
        "Net Income": 55
    },
    "2021-09-30": {
        "Diluted EPS": 1.04,
        "Total Revenue": 460,
        "Gross Profit": 196,
        "Operating Income": 56,
        "EBIT": 93,
        "Net Income": 44
    },
    "2021-06-30": {
        "Diluted EPS": 0.61,
        "Total Revenue": 404,
        "Gross Profit": 182,
        "Operating Income": 38,
        "EBIT": 78,
        "Net Income": 26
    },
    "2021-03-31": {
        "Diluted EPS": 0.88,
        "Total Revenue": 295,
        "Gross Profit": 144,
        "Operating Income": 38,
        "EBIT": 59,
        "Net Income": 37
    },
    "2020-12-31": {
        "Diluted EPS": 1.29,
        "Total Revenue": 283,
        "Gross Profit": 139,
        "Operating Income": 48,
        "EBIT": 75,
        "Net Income": 54
    },
    "2020-09-30": {
        "Diluted EPS": 0.94,
        "Total Revenue": 286,
        "Gross Profit": 144,
        "Operating Income": 50,
        "EBIT": 70,
        "Net Income": 39
    },
    "2020-06-30": {
        "Diluted EPS": 1.3,
        "Total Revenue": 271,
        "Gross Profit": 131,
        "Operating Income": 41,
        "EBIT": 62,
        "Net Income": 54
    },
    "2020-03-31": {
        "Diluted EPS": 1.16,
        "Total Revenue": 277,
        "Gross Profit": 129,
        "Operating Income": 34,
        "EBIT": 54,
        "Net Income": 48
    },
    "2019-12-31": {
        "Diluted EPS": 1.16,
        "Total Revenue": 289,
        "Gross Profit": 142,
        "Operating Income": 45,
        "EBIT": 65,
        "Net Income": 47
    },
    "2019-09-30": {
        "Diluted EPS": 1.0,
        "Total Revenue": 275,
        "Gross Profit": 131,
        "Operating Income": 40,
        "EBIT": 60,
        "Net Income": 40
    },
    "2019-06-30": {
        "Diluted EPS": 0.8,
        "Total Revenue": 275,
        "Gross Profit": 128,
        "Operating Income": 37,
        "EBIT": 56,
        "Net Income": 32
    },
    "2019-03-31": {
        "Diluted EPS": 0.69,
        "Total Revenue": 247,
        "Gross Profit": 116,
        "Operating Income": 34,
        "EBIT": 52,
        "Net Income": 27
    },
    "2018-12-31": {
        "Diluted EPS": 0.8,
        "Total Revenue": 242,
        "Gross Profit": 116,
        "Operating Income": 39,
        "EBIT": 55,
        "Net Income": 32
    },
    "2018-09-30": {
        "Diluted EPS": 0.96,
        "Total Revenue": 236,
        "Gross Profit": 112,
        "Operating Income": 38,
        "EBIT": 54,
        "Net Income": 39
    },
    "2018-06-30": {
        "Diluted EPS": 0.97,
        "Total Revenue": 236,
        "Gross Profit": 109,
        "Operating Income": 37,
        "EBIT": 53,
        "Net Income": 39
    },
    "2018-03-31": {
        "Diluted EPS": 0.95,
        "Total Revenue": 221,
        "Gross Profit": 103,
        "Operating Income": 39,
        "EBIT": 53,
        "Net Income": 38
    },
    "2017-12-31": {
        "Diluted EPS": 1.68,
        "Total Revenue": 218,
        "Gross Profit": 105,
        "Operating Income": 44,
        "EBIT": 58,
        "Net Income": 66
    },
    "2017-09-30": {
        "Diluted EPS": 0.99,
        "Total Revenue": 215,
        "Gross Profit": 104,
        "Operating Income": 44,
        "EBIT": 58,
        "Net Income": 39
    },
    "2017-06-30": {
        "Diluted EPS": 0.81,
        "Total Revenue": 209,
        "Gross Profit": 96,
        "Operating Income": 37,
        "EBIT": 50,
        "Net Income": 32
    },
    "2017-03-31": {
        "Diluted EPS": 0.84,
        "Total Revenue": 200,
        "Gross Profit": 95,
        "Operating Income": 37,
        "EBIT": 50,
        "Net Income": 33
    },
    "2016-12-31": {
        "Diluted EPS": 0.89,
        "Total Revenue": 197,
        "Gross Profit": 97,
        "Operating Income": 42,
        "EBIT": 54,
        "Net Income": 35
    },
    "2016-09-30": {
        "Diluted EPS": 0.91,
        "Total Revenue": 194,
        "Gross Profit": 93,
        "Operating Income": 37,
        "EBIT": 50,
        "Net Income": 35
    },
    "2016-06-30": {
        "Diluted EPS": 0.65,
        "Total Revenue": 189,
        "Gross Profit": 87,
        "Operating Income": 31,
        "EBIT": 44,
        "Net Income": 25
    },
    "2016-03-31": {
        "Diluted EPS": 0.47,
        "Total Revenue": 179,
        "Gross Profit": 82,
        "Operating Income": 28,
        "EBIT": 40,
        "Net Income": 18
    },
    "2015-12-31": {
        "Diluted EPS": 0.22,
        "Total Revenue": 159,
        "Gross Profit": 73,
        "Operating Income": 20,
        "EBIT": 28,
        "Net Income": 9
    },
    "2015-09-30": {
        "Diluted EPS": 0.55,
        "Total Revenue": 151,
        "Gross Profit": 72,
        "Operating Income": 31,
        "EBIT": 36,
        "Net Income": 20
    },
    "2015-06-30": {
        "Diluted EPS": 0.52,
        "Total Revenue": 146,
        "Gross Profit": 68,
        "Operating Income": 30,
        "EBIT": 33,
        "Net Income": 19
    },
    "2015-03-31": {
        "Diluted EPS": 0.48,
        "Total Revenue": 135,
        "Gross Profit": 64,
        "Operating Income": 27,
        "EBIT": 31,
        "Net Income": 17
    },
    "2014-12-31": {
        "Diluted EPS": 0.43,
        "Total Revenue": 127,
        "Gross Profit": 60,
        "Operating Income": 25,
        "EBIT": 28,
        "Net Income": 15
    },
    "2014-09-30": {
        "Diluted EPS": 0.48,
        "Total Revenue": 129,
        "Gross Profit": 62,
        "Operating Income": 27,
        "EBIT": 30,
        "Net Income": 17
    },
    "2014-06-30": {
        "Diluted EPS": 0.42,
        "Total Revenue": 124,
        "Gross Profit": 59,
        "Operating Income": 24,
        "EBIT": 27,
        "Net Income": 15
    },
    "2014-03-31": {
        "Diluted EPS": 0.33,
        "Total Revenue": 113,
        "Gross Profit": 53,
        "Operating Income": 20,
        "EBIT": 24,
        "Net Income": 12
    },
    "2013-12-31": {
        "Diluted EPS": 0.3,
        "Total Revenue": 111,
        "Gross Profit": 53,
        "Operating Income": 19,
        "EBIT": 23,
        "Net Income": 11
    },
    "2013-09-30": {
        "Diluted EPS": 0.32,
        "Total Revenue": 107,
        "Gross Profit": 50,
        "Operating Income": 18,
        "EBIT": 21,
        "Net Income": 11
    },
    "2013-06-30": {
        "Diluted EPS": 0.26,
        "Total Revenue": 103,
        "Gross Profit": 47,
        "Operating Income": 15,
        "EBIT": 19,
        "Net Income": 9
    },
    "2013-03-31": {
        "Diluted EPS": 0.25,
        "Total Revenue": 96,
        "Gross Profit": 44,
        "Operating Income": 14,
        "EBIT": 18,
        "Net Income": 8
    },
    "2012-12-31": {
        "Diluted EPS": 0.28,
        "Total Revenue": 95,
        "Gross Profit": 45,
        "Operating Income": 15,
        "EBIT": 19,
        "Net Income": 9
    },
    "2012-09-30": {
        "Diluted EPS": 0.33,
        "Total Revenue": 94,
        "Gross Profit": 45,
        "Operating Income": 19,
        "EBIT": 22,
        "Net Income": 11
    },
    "2012-06-30": {
        "Diluted EPS": 0.22,
        "Total Revenue": 91,
        "Gross Profit": 41,
        "Operating Income": 12,
        "EBIT": 16,
        "Net Income": 7
    },
    "2012-03-31": {
        "Diluted EPS": 0.17,
        "Total Revenue": 83,
        "Gross Profit": 37,
        "Operating Income": 10,
        "EBIT": 13,
        "Net Income": 6
    },
    "2011-12-31": {
        "Diluted EPS": 0.26,
        "Total Revenue": 82,
        "Gross Profit": 39,
        "Operating Income": 14,
        "EBIT": 17,
        "Net Income": 9
    },
    "2011-09-30": {
        "Diluted EPS": 0.23,
        "Total Revenue": 77,
        "Gross Profit": 36,
        "Operating Income": 12,
        "EBIT": 15,
        "Net Income": 8
    },
    "2011-06-30": {
        "Diluted EPS": 0.17,
        "Total Revenue": 77,
        "Gross Profit": 34,
        "Operating Income": 10,
        "EBIT": 12,
        "Net Income": 6
    },
    "2011-03-31": {
        "Diluted EPS": 0.17,
        "Total Revenue": 73,
        "Gross Profit": 33,
        "Operating Income": 10,
        "EBIT": 13,
        "Net Income": 6
    },
    "2010-12-31": {
        "Diluted EPS": 0.22,
        "Total Revenue": 72,
        "Gross Profit": 33,
        "Operating Income": 11,
        "EBIT": 14,
        "Net Income": 7
    },
    "2010-09-30": {
        "Diluted EPS": 0.19,
        "Total Revenue": 74,
        "Gross Profit": 33,
        "Operating Income": 12,
        "EBIT": 15,
        "Net Income": 7
    },
    "2010-06-30": {
        "Diluted EPS": 0.17,
        "Total Revenue": 73,
        "Gross Profit": 32,
        "Operating Income": 10,
        "EBIT": 13,
        "Net Income": 6
    },
    "2010-03-31": {
        "Diluted EPS": 0.13,
        "Total Revenue": 70,
        "Gross Profit": 30,
        "Operating Income": 8,
        "EBIT": 11,
        "Net Income": 5
    },
    "2009-12-31": {
        "Diluted EPS": 0.19,
        "Total Revenue": 74,
        "Gross Profit": 33,
        "Operating Income": 11,
        "EBIT": 13,
        "Net Income": 7
    },
    "2009-09-30": {
        "Diluted EPS": 0.2,
        "Total Revenue": 74,
        "Gross Profit": 33,
        "Operating Income": 12,
        "EBIT": 15,
        "Net Income": 7
    },
    "2009-06-30": {
        "Diluted EPS": 0.19,
        "Total Revenue": 72,
        "Gross Profit": 32,
        "Operating Income": 11,
        "EBIT": 14,
        "Net Income": 7
    },
    "2009-03-31": {
        "Diluted EPS": 0.16,
        "Total Revenue": 70,
        "Gross Profit": 30,
        "Operating Income": 10,
        "EBIT": 12,
        "Net Income": 6
    },
    "2023-09-30": {
        "Tax Effect Of Unusual Items": 0.0,
        "Tax Rate For Calcs": 0.202,
        "Normalized EBITDA": 108861000.0,
        "Net Income From Continuing Operation Net Minority Interest": 47011000.0,
        "Reconciled Depreciation": 44139000.0,
        "Reconciled Cost Of Revenue": 243911000.0,
        "EBITDA": 108861000.0,
        "EBIT": 64722000.0,
        "Net Interest Income": -5808000.0,
        "Interest Expense": 5808000.0,
        "Normalized Income": 47011000.0,
        "Net Income From Continuing And Discontinued Operation": 47011000.0,
        "Total Expenses": 430749000.0,
        "Total Operating Income As Reported": 63935000.0,
        "Diluted Average Shares": 42841000.0,
        "Basic Average Shares": 42087000.0,
        "Diluted EPS": 1.1,
        "Basic EPS": 1.12,
        "Diluted NI Availto Com Stockholders": 47011000.0,
        "Net Income Common Stockholders": 47011000.0,
        "Net Income": 47011000.0,
        "Net Income Including Noncontrolling Interests": 47011000.0,
        "Net Income Continuous Operations": 47011000.0,
        "Tax Provision": 11903000.0,
        "Pretax Income": 58914000.0,
        "Other Income Expense": 787000.0,
        "Other Non Operating Income Expenses": 787000.0,
        "Net Non Operating Interest Income Expense": -5808000.0,
        "Interest Expense Non Operating": 5808000.0,
        "Operating Income": 63935000.0,
        "Operating Expense": 161225000.0,
        "Depreciation Amortization Depletion Income Statement": 18526000.0,
        "Depreciation And Amortization In Income Statement": 18526000.0,
        "Amortization": 18526000.0,
        "Amortization Of Intangibles Income Statement": 18526000.0,
        "Research And Development": 28282000.0,
        "Selling General And Administration": 114417000.0,
        "Selling And Marketing Expense": 35898000.0,
        "General And Administrative Expense": 78519000.0,
        "Other Gand A": 78519000.0,
        "Gross Profit": 225160000.0,
        "Cost Of Revenue": 269524000.0,
        "Total Revenue": 494684000.0,
        "Operating Revenue": 494684000.0
    },
    "2023-12-31": {
        "Tax Effect Of Unusual Items": 0.0,
        "Tax Rate For Calcs": 0.128712,
        "Normalized EBITDA": 92711000.0,
        "Net Income From Continuing Operation Net Minority Interest": 38903000.0,
        "Reconciled Depreciation": 44311000.0,
        "Reconciled Cost Of Revenue": 243030000.0,
        "EBITDA": 92711000.0,
        "EBIT": 48400000.0,
        "Net Interest Income": -3750000.0,
        "Interest Expense": 3750000.0,
        "Normalized Income": 38903000.0,
        "Net Income From Continuing And Discontinued Operation": 38903000.0,
        "Total Expenses": 433186000.0,
        "Total Operating Income As Reported": 47748000.0,
        "Diluted Average Shares": 42972000.0,
        "Basic Average Shares": 42191000.0,
        "Diluted EPS": 0.91,
        "Basic EPS": 0.92,
        "Diluted NI Availto Com Stockholders": 38903000.0,
        "Net Income Common Stockholders": 38903000.0,
        "Net Income": 38903000.0,
        "Net Income Including Noncontrolling Interests": 38903000.0,
        "Net Income Continuous Operations": 38903000.0,
        "Tax Provision": 5747000.0,
        "Pretax Income": 44650000.0,
        "Other Income Expense": 652000.0,
        "Other Non Operating Income Expenses": 652000.0,
        "Net Non Operating Interest Income Expense": -3750000.0,
        "Interest Expense Non Operating": 3750000.0,
        "Operating Income": 47748000.0,
        "Operating Expense": 165177000.0,
        "Depreciation Amortization Depletion Income Statement": 19332000.0,
        "Depreciation And Amortization In Income Statement": 19332000.0,
        "Amortization": 19332000.0,
        "Amortization Of Intangibles Income Statement": 19332000.0,
        "Research And Development": 26164000.0,
        "Selling General And Administration": 119681000.0,
        "Selling And Marketing Expense": 39666000.0,
        "General And Administrative Expense": 80015000.0,
        "Other Gand A": 80015000.0,
        "Gross Profit": 212925000.0,
        "Cost Of Revenue": 268009000.0,
        "Total Revenue": 480934000.0,
        "Operating Revenue": 480934000.0
    },
    "2024-03-31": {
        "Tax Effect Of Unusual Items": 0.0,
        "Tax Rate For Calcs": 0.187,
        "Normalized EBITDA": 111442000.0,
        "Net Income From Continuing Operation Net Minority Interest": 54170000.0,
        "Reconciled Depreciation": 42619000.0,
        "Reconciled Cost Of Revenue": 264192000.0,
        "EBITDA": 111442000.0,
        "EBIT": 68823000.0,
        "Net Interest Income": -2184000.0,
        "Interest Expense": 2184000.0,
        "Normalized Income": 54170000.0,
        "Net Income From Continuing And Discontinued Operation": 54170000.0,
        "Total Expenses": 445381000.0,
        "Total Operating Income As Reported": 66978000.0,
        "Diluted Average Shares": 43100000.0,
        "Basic Average Shares": 42332000.0,
        "Diluted EPS": 1.26,
        "Basic EPS": 1.28,
        "Diluted NI Availto Com Stockholders": 54170000.0,
        "Net Income Common Stockholders": 54170000.0,
        "Net Income": 54170000.0,
        "Net Income Including Noncontrolling Interests": 54170000.0,
        "Net Income Continuous Operations": 54170000.0,
        "Tax Provision": 12469000.0,
        "Pretax Income": 66639000.0,
        "Other Income Expense": 1845000.0,
        "Other Non Operating Income Expenses": 1845000.0,
        "Net Non Operating Interest Income Expense": -2184000.0,
        "Interest Expense Non Operating": 2184000.0,
        "Operating Income": 66978000.0,
        "Operating Expense": 156688000.0,
        "Depreciation Amortization Depletion Income Statement": 18118000.0,
        "Depreciation And Amortization In Income Statement": 18118000.0,
        "Amortization": 18118000.0,
        "Amortization Of Intangibles Income Statement": 18118000.0,
        "Research And Development": 29433000.0,
        "Selling General And Administration": 109137000.0,
        "Selling And Marketing Expense": 36427000.0,
        "General And Administrative Expense": 72710000.0,
        "Other Gand A": 72710000.0,
        "Gross Profit": 223666000.0,
        "Cost Of Revenue": 288693000.0,
        "Total Revenue": 512359000.0,
        "Operating Revenue": 512359000.0
    },
    "2024-06-30": {
        "Tax Effect Of Unusual Items": 0.0,
        "Tax Rate For Calcs": 0.138905,
        "Normalized EBITDA": 116400000.0,
        "Net Income From Continuing Operation Net Minority Interest": 67738000.0,
        "Reconciled Depreciation": 36482000.0,
        "Reconciled Cost Of Revenue": 280523000.0,
        "EBITDA": 116400000.0,
        "EBIT": 79918000.0,
        "Net Interest Income": -1253000.0,
        "Interest Expense": 1253000.0,
        "Normalized Income": 67738000.0,
        "Net Income From Continuing And Discontinued Operation": 67738000.0,
        "Total Expenses": 462941000.0,
        "Total Operating Income As Reported": 78035000.0,
        "Diluted Average Shares": 43275000.0,
        "Basic Average Shares": 42527000.0,
        "Diluted EPS": 1.57,
        "Basic EPS": 1.59,
        "Diluted NI Availto Com Stockholders": 67738000.0,
        "Net Income Common Stockholders": 67738000.0,
        "Net Income": 67738000.0,
        "Net Income Including Noncontrolling Interests": 67738000.0,
        "Net Income Continuous Operations": 67738000.0,
        "Tax Provision": 10927000.0,
        "Pretax Income": 78665000.0,
        "Other Income Expense": 1883000.0,
        "Other Non Operating Income Expenses": 1883000.0,
        "Net Non Operating Interest Income Expense": -1253000.0,
        "Interest Expense Non Operating": 1253000.0,
        "Operating Income": 78035000.0,
        "Operating Expense": 159781000.0,
        "Depreciation Amortization Depletion Income Statement": 13845000.0,
        "Depreciation And Amortization In Income Statement": 13845000.0,
        "Amortization": 13845000.0,
        "Amortization Of Intangibles Income Statement": 13845000.0,
        "Research And Development": 28951000.0,
        "Selling General And Administration": 116985000.0,
        "Selling And Marketing Expense": 41565000.0,
        "General And Administrative Expense": 75420000.0,
        "Other Gand A": 75420000.0,
        "Gross Profit": 237816000.0,
        "Cost Of Revenue": 303160000.0,
        "Total Revenue": 540976000.0,
        "Operating Revenue": 540976000.0
    }
}