{
    "2023-03-31": {
        "Tax Effect Of Unusual Items": 0.0,
        "Tax Rate For Calcs": 0.0,
        "Normalized EBITDA": -14251000.0,
        "Net Income From Continuing Operation Net Minority Interest": -11880000.0,
        "Reconciled Depreciation": 83000.0,
        "EBITDA": -14251000.0,
        "EBIT": -14334000.0,
        "Net Interest Income": 2455000.0,
        "Interest Income": 2455000.0,
        "Normalized Income": -11880000.0,
        "Net Income From Continuing And Discontinued Operation": -11880000.0,
        "Total Expenses": 14334000.0,
        "Total Operating Income As Reported": -14334000.0,
        "Diluted Average Shares": 42394623.0,
        "Basic Average Shares": 42394623.0,
        "Diluted EPS": -0.28,
        "Basic EPS": -0.28,
        "Diluted NI Availto Com Stockholders": -11880000.0,
        "Net Income Common Stockholders": -11880000.0,
        "Net Income": -11880000.0,
        "Net Income Including Noncontrolling Interests": -11880000.0,
        "Net Income Continuous Operations": -11880000.0,
        "Pretax Income": -11880000.0,
        "Other Income Expense": -1000.0,
        "Other Non Operating Income Expenses": -1000.0,
        "Net Non Operating Interest Income Expense": 2455000.0,
        "Interest Income Non Operating": 2455000.0,
        "Operating Income": -14334000.0,
        "Operating Expense": 14334000.0,
        "Research And Development": 10408000.0,
        "Selling General And Administration": 3926000.0,
        "General And Administrative Expense": 3926000.0,
        "Other Gand A": 3926000.0,
        "Total Revenue": 0.0,
        "Operating Revenue": 0.0
    },
    "2022-12-31": {
        "Tax Effect Of Unusual Items": 0.0,
        "Tax Rate For Calcs": 0.0,
        "Normalized EBITDA": -14936000.0,
        "Net Income From Continuing Operation Net Minority Interest": -12895000.0,
        "Reconciled Depreciation": 82000.0,
        "EBITDA": -14936000.0,
        "EBIT": -15018000.0,
        "Net Interest Income": 2156000.0,
        "Interest Income": 2156000.0,
        "Normalized Income": -12895000.0,
        "Net Income From Continuing And Discontinued Operation": -12895000.0,
        "Total Expenses": 15018000.0,
        "Total Operating Income As Reported": -15018000.0,
        "Diluted Average Shares": 42207685.0,
        "Basic Average Shares": 42207685.0,
        "Diluted EPS": -0.31,
        "Basic EPS": -0.31,
        "Diluted NI Availto Com Stockholders": -12895000.0,
        "Net Income Common Stockholders": -12895000.0,
        "Net Income": -12895000.0,
        "Net Income Including Noncontrolling Interests": -12895000.0,
        "Net Income Continuous Operations": -12895000.0,
        "Pretax Income": -12895000.0,
        "Other Income Expense": -33000.0,
        "Other Non Operating Income Expenses": -33000.0,
        "Net Non Operating Interest Income Expense": 2156000.0,
        "Interest Income Non Operating": 2156000.0,
        "Operating Income": -15018000.0,
        "Operating Expense": 15018000.0,
        "Research And Development": 10400000.0,
        "Selling General And Administration": 4618000.0,
        "General And Administrative Expense": 4618000.0,
        "Other Gand A": 4618000.0,
        "Total Revenue": 0.0,
        "Operating Revenue": 0.0
    },
    "2022-09-30": {
        "Tax Effect Of Unusual Items": 0.0,
        "Tax Rate For Calcs": 0.0,
        "Normalized EBITDA": -13563000.0,
        "Net Income From Continuing Operation Net Minority Interest": -12509000.0,
        "Reconciled Depreciation": 82000.0,
        "EBITDA": -13563000.0,
        "EBIT": -13645000.0,
        "Net Interest Income": 1131000.0,
        "Interest Income": 1131000.0,
        "Normalized Income": -12509000.0,
        "Net Income From Continuing And Discontinued Operation": -12509000.0,
        "Total Expenses": 13645000.0,
        "Total Operating Income As Reported": -13645000.0,
        "Diluted Average Shares": 41997195.0,
        "Basic Average Shares": 41997195.0,
        "Diluted EPS": -0.3,
        "Basic EPS": -0.3,
        "Diluted NI Availto Com Stockholders": -12509000.0,
        "Net Income Common Stockholders": -12509000.0,
        "Net Income": -12509000.0,
        "Net Income Including Noncontrolling Interests": -12509000.0,
        "Net Income Continuous Operations": -12509000.0,
        "Pretax Income": -12509000.0,
        "Other Income Expense": 5000.0,
        "Other Non Operating Income Expenses": 5000.0,
        "Net Non Operating Interest Income Expense": 1131000.0,
        "Interest Income Non Operating": 1131000.0,
        "Operating Income": -13645000.0,
        "Operating Expense": 13645000.0,
        "Research And Development": 10915000.0,
        "Selling General And Administration": 2730000.0,
        "General And Administrative Expense": 2730000.0,
        "Other Gand A": 2730000.0,
        "Total Revenue": 0.0,
        "Operating Revenue": 0.0
    },
    "2022-06-30": {
        "Tax Effect Of Unusual Items": 0.0,
        "Tax Rate For Calcs": 0.0,
        "Normalized EBITDA": -15360000.0,
        "Net Income From Continuing Operation Net Minority Interest": -15095000.0,
        "Reconciled Depreciation": 68000.0,
        "EBITDA": -15360000.0,
        "EBIT": -15428000.0,
        "Net Interest Income": 346000.0,
        "Interest Income": 346000.0,
        "Normalized Income": -15095000.0,
        "Net Income From Continuing And Discontinued Operation": -15095000.0,
        "Total Expenses": 15428000.0,
        "Total Operating Income As Reported": -15428000.0,
        "Diluted Average Shares": 41777206.0,
        "Basic Average Shares": 41777206.0,
        "Diluted EPS": -0.36,
        "Basic EPS": -0.36,
        "Diluted NI Availto Com Stockholders": -15095000.0,
        "Net Income Common Stockholders": -15095000.0,
        "Net Income": -15095000.0,
        "Net Income Including Noncontrolling Interests": -15095000.0,
        "Net Income Continuous Operations": -15095000.0,
        "Pretax Income": -15095000.0,
        "Other Income Expense": -13000.0,
        "Other Non Operating Income Expenses": -13000.0,
        "Net Non Operating Interest Income Expense": 346000.0,
        "Interest Income Non Operating": 346000.0,
        "Operating Income": -15428000.0,
        "Operating Expense": 15428000.0,
        "Research And Development": 12047000.0,
        "Selling General And Administration": 3381000.0,
        "General And Administrative Expense": 3381000.0,
        "Other Gand A": 3381000.0,
        "Total Revenue": 0.0,
        "Operating Revenue": 0.0
    },
    "2022-03-31": {
        "Diluted EPS": -0.36,
        "Total Revenue": NaN,
        "Gross Profit": NaN,
        "Operating Income": -15,
        "EBIT": -15,
        "Net Income": -15
    },
    "2021-12-31": {
        "Diluted EPS": 3.33,
        "Total Revenue": NaN,
        "Gross Profit": NaN,
        "Operating Income": -10,
        "EBIT": -10,
        "Net Income": -10
    },
    "2021-09-30": {
        "Diluted EPS": -0.72,
        "Total Revenue": NaN,
        "Gross Profit": NaN,
        "Operating Income": -7,
        "EBIT": -7,
        "Net Income": -7
    },
    "2021-06-30": {
        "Diluted EPS": -2.43,
        "Total Revenue": NaN,
        "Gross Profit": NaN,
        "Operating Income": -6,
        "EBIT": -5,
        "Net Income": -6
    },
    "2021-03-31": {
        "Diluted EPS": -2.09,
        "Total Revenue": NaN,
        "Gross Profit": NaN,
        "Operating Income": -4,
        "EBIT": -4,
        "Net Income": -4
    },
    "2020-12-31": {
        "Diluted EPS": 0.0,
        "Total Revenue": NaN,
        "Gross Profit": NaN,
        "Operating Income": NaN,
        "EBIT": NaN,
        "Net Income": NaN
    },
    "2020-09-30": {
        "Diluted EPS": -1.47,
        "Total Revenue": NaN,
        "Gross Profit": NaN,
        "Operating Income": -2,
        "EBIT": -2,
        "Net Income": -2
    },
    "2023-06-30": {
        "Tax Effect Of Unusual Items": 0.0,
        "Tax Rate For Calcs": 0.0,
        "Normalized EBITDA": -15928000.0,
        "Net Income From Continuing Operation Net Minority Interest": -13272000.0,
        "Reconciled Depreciation": 86000.0,
        "EBITDA": -15928000.0,
        "EBIT": -16014000.0,
        "Net Interest Income": 2763000.0,
        "Interest Income": 2763000.0,
        "Normalized Income": -13272000.0,
        "Net Income From Continuing And Discontinued Operation": -13272000.0,
        "Total Expenses": 16014000.0,
        "Total Operating Income As Reported": -16014000.0,
        "Diluted Average Shares": 42589213.0,
        "Basic Average Shares": 42589213.0,
        "Diluted EPS": -0.31,
        "Basic EPS": -0.31,
        "Diluted NI Availto Com Stockholders": -13272000.0,
        "Net Income Common Stockholders": -13272000.0,
        "Net Income": -13272000.0,
        "Net Income Including Noncontrolling Interests": -13272000.0,
        "Net Income Continuous Operations": -13272000.0,
        "Pretax Income": -13272000.0,
        "Other Income Expense": -21000.0,
        "Other Non Operating Income Expenses": -21000.0,
        "Net Non Operating Interest Income Expense": 2763000.0,
        "Interest Income Non Operating": 2763000.0,
        "Operating Income": -16014000.0,
        "Operating Expense": 16014000.0,
        "Research And Development": 12162000.0,
        "Selling General And Administration": 3852000.0,
        "General And Administrative Expense": 3852000.0,
        "Other Gand A": 3852000.0,
        "Total Revenue": 0.0,
        "Operating Revenue": 0.0
    },
    "2023-09-30": {
        "Tax Effect Of Unusual Items": 0.0,
        "Tax Rate For Calcs": 0.0,
        "Normalized EBITDA": -23881000.0,
        "Net Income From Continuing Operation Net Minority Interest": -21152000.0,
        "Reconciled Depreciation": 82000.0,
        "EBITDA": -23881000.0,
        "EBIT": -23963000.0,
        "Net Interest Income": 2816000.0,
        "Interest Income": 2816000.0,
        "Normalized Income": -21152000.0,
        "Net Income From Continuing And Discontinued Operation": -21152000.0,
        "Total Expenses": 23963000.0,
        "Total Operating Income As Reported": -23963000.0,
        "Diluted Average Shares": 42868340.0,
        "Basic Average Shares": 42868340.0,
        "Diluted EPS": -0.49,
        "Basic EPS": -0.49,
        "Diluted NI Availto Com Stockholders": -21152000.0,
        "Net Income Common Stockholders": -21152000.0,
        "Net Income": -21152000.0,
        "Net Income Including Noncontrolling Interests": -21152000.0,
        "Net Income Continuous Operations": -21152000.0,
        "Pretax Income": -21152000.0,
        "Other Income Expense": -5000.0,
        "Other Non Operating Income Expenses": -5000.0,
        "Net Non Operating Interest Income Expense": 2816000.0,
        "Interest Income Non Operating": 2816000.0,
        "Operating Income": -23963000.0,
        "Operating Expense": 23963000.0,
        "Research And Development": 19271000.0,
        "Selling General And Administration": 4692000.0,
        "General And Administrative Expense": 4692000.0,
        "Other Gand A": 4692000.0,
        "Total Revenue": 0.0,
        "Operating Revenue": 0.0
    },
    "2023-12-31": {
        "Tax Effect Of Unusual Items": 0.0,
        "Tax Rate For Calcs": 0.0,
        "Normalized EBITDA": -25532000.0,
        "Net Income From Continuing Operation Net Minority Interest": -22830000.0,
        "Reconciled Depreciation": 102000.0,
        "EBITDA": -25532000.0,
        "EBIT": -25634000.0,
        "Net Interest Income": 2815000.0,
        "Interest Income": 2815000.0,
        "Normalized Income": -22830000.0,
        "Net Income From Continuing And Discontinued Operation": -22830000.0,
        "Total Expenses": 25634000.0,
        "Total Operating Income As Reported": -25634000.0,
        "Diluted Average Shares": NaN,
        "Basic Average Shares": NaN,
        "Diluted EPS": NaN,
        "Basic EPS": NaN,
        "Diluted NI Availto Com Stockholders": -22830000.0,
        "Net Income Common Stockholders": -22830000.0,
        "Net Income": -22830000.0,
        "Net Income Including Noncontrolling Interests": -22830000.0,
        "Net Income Continuous Operations": -22830000.0,
        "Pretax Income": -22830000.0,
        "Other Income Expense": -11000.0,
        "Other Non Operating Income Expenses": -11000.0,
        "Net Non Operating Interest Income Expense": 2815000.0,
        "Interest Income Non Operating": 2815000.0,
        "Operating Income": -25634000.0,
        "Operating Expense": 25634000.0,
        "Research And Development": 20677000.0,
        "Selling General And Administration": 4957000.0,
        "General And Administrative Expense": 4957000.0,
        "Other Gand A": 4957000.0,
        "Total Revenue": 0.0,
        "Operating Revenue": 0.0
    }
}