{
    "2023-03-31": {
        "Tax Effect Of Unusual Items": 0.0,
        "Tax Rate For Calcs": 0.21,
        "Normalized EBITDA": 42923000.0,
        "Total Unusual Items": 0.0,
        "Total Unusual Items Excluding Goodwill": 0.0,
        "Net Income From Continuing Operation Net Minority Interest": 170545000.0,
        "Reconciled Depreciation": 34964000.0,
        "Reconciled Cost Of Revenue": 792009000.0,
        "EBITDA": 42923000.0,
        "EBIT": 7959000.0,
        "Net Interest Income": -1651000.0,
        "Interest Expense": NaN,
        "Normalized Income": 170545000.0,
        "Net Income From Continuing And Discontinued Operation": 170545000.0,
        "Total Expenses": 1363654000.0,
        "Total Operating Income As Reported": 35259000.0,
        "Diluted Average Shares": 454652000.0,
        "Basic Average Shares": 444052000.0,
        "Diluted EPS": 0.38,
        "Basic EPS": 0.38,
        "Diluted NI Availto Com Stockholders": 171444000.0,
        "Average Dilution Earnings": NaN,
        "Net Income Common Stockholders": 170545000.0,
        "Net Income": 170545000.0,
        "Net Income Including Noncontrolling Interests": 170545000.0,
        "Net Income Continuous Operations": 170545000.0,
        "Earnings From Equity Interest Net Of Tax": -308000.0,
        "Tax Provision": -147765000.0,
        "Pretax Income": 23088000.0,
        "Other Income Expense": -10520000.0,
        "Other Non Operating Income Expenses": -10520000.0,
        "Special Income Charges": 0.0,
        "Restructuring And Mergern Acquisition": 0.0,
        "Net Non Operating Interest Income Expense": -1651000.0,
        "Total Other Finance Cost": NaN,
        "Interest Expense Non Operating": NaN,
        "Operating Income": 35259000.0,
        "Operating Expense": 571645000.0,
        "Selling General And Administration": 571645000.0,
        "Gross Profit": 606904000.0,
        "Cost Of Revenue": 792009000.0,
        "Total Revenue": 1398913000.0,
        "Operating Revenue": 1398913000.0
    },
    "2022-12-31": {
        "Tax Effect Of Unusual Items": 0.0,
        "Tax Rate For Calcs": 0.134,
        "Normalized EBITDA": 176620000.0,
        "Total Unusual Items": 0.0,
        "Total Unusual Items Excluding Goodwill": 0.0,
        "Net Income From Continuing Operation Net Minority Interest": 121617000.0,
        "Reconciled Depreciation": 34649000.0,
        "Reconciled Cost Of Revenue": 883376000.0,
        "EBITDA": 176620000.0,
        "EBIT": 141971000.0,
        "Net Interest Income": -1615000.0,
        "Interest Expense": 1615000.0,
        "Normalized Income": 121617000.0,
        "Net Income From Continuing And Discontinued Operation": 121617000.0,
        "Total Expenses": 1487122000.0,
        "Total Operating Income As Reported": 94659000.0,
        "Diluted Average Shares": 458990000.0,
        "Basic Average Shares": 448833000.0,
        "Diluted EPS": 0.27,
        "Basic EPS": 0.27,
        "Diluted NI Availto Com Stockholders": 121617000.0,
        "Average Dilution Earnings": NaN,
        "Net Income Common Stockholders": 121617000.0,
        "Net Income": 121617000.0,
        "Net Income Including Noncontrolling Interests": 121617000.0,
        "Net Income Continuous Operations": 121617000.0,
        "Earnings From Equity Interest Net Of Tax": 72000.0,
        "Tax Provision": 18811000.0,
        "Pretax Income": 140356000.0,
        "Other Income Expense": 47312000.0,
        "Other Non Operating Income Expenses": 47312000.0,
        "Special Income Charges": 0.0,
        "Restructuring And Mergern Acquisition": 0.0,
        "Net Non Operating Interest Income Expense": -1615000.0,
        "Total Other Finance Cost": NaN,
        "Interest Expense Non Operating": 1615000.0,
        "Operating Income": 94659000.0,
        "Operating Expense": 603746000.0,
        "Selling General And Administration": 603746000.0,
        "Gross Profit": 698405000.0,
        "Cost Of Revenue": 883376000.0,
        "Total Revenue": 1581781000.0,
        "Operating Revenue": 1581781000.0
    },
    "2022-09-30": {
        "Tax Effect Of Unusual Items": NaN,
        "Tax Rate For Calcs": NaN,
        "Normalized EBITDA": NaN,
        "Total Unusual Items": 0.0,
        "Total Unusual Items Excluding Goodwill": 0.0,
        "Net Income From Continuing Operation Net Minority Interest": NaN,
        "Reconciled Depreciation": NaN,
        "Reconciled Cost Of Revenue": NaN,
        "EBITDA": NaN,
        "EBIT": NaN,
        "Net Interest Income": NaN,
        "Interest Expense": NaN,
        "Normalized Income": NaN,
        "Net Income From Continuing And Discontinued Operation": NaN,
        "Total Expenses": NaN,
        "Total Operating Income As Reported": NaN,
        "Diluted Average Shares": NaN,
        "Basic Average Shares": NaN,
        "Diluted EPS": NaN,
        "Basic EPS": NaN,
        "Diluted NI Availto Com Stockholders": NaN,
        "Average Dilution Earnings": 225000.0,
        "Net Income Common Stockholders": NaN,
        "Net Income": NaN,
        "Net Income Including Noncontrolling Interests": NaN,
        "Net Income Continuous Operations": NaN,
        "Earnings From Equity Interest Net Of Tax": NaN,
        "Tax Provision": NaN,
        "Pretax Income": NaN,
        "Other Income Expense": NaN,
        "Other Non Operating Income Expenses": NaN,
        "Special Income Charges": 0.0,
        "Restructuring And Mergern Acquisition": 0.0,
        "Net Non Operating Interest Income Expense": NaN,
        "Total Other Finance Cost": 3555000.0,
        "Interest Expense Non Operating": NaN,
        "Operating Income": NaN,
        "Operating Expense": NaN,
        "Selling General And Administration": NaN,
        "Gross Profit": NaN,
        "Cost Of Revenue": NaN,
        "Total Revenue": NaN,
        "Operating Revenue": NaN
    },
    "2022-06-30": {
        "Tax Effect Of Unusual Items": 0.0,
        "Tax Rate For Calcs": 0.397345,
        "Normalized EBITDA": 68804000.0,
        "Total Unusual Items": 0.0,
        "Total Unusual Items Excluding Goodwill": 0.0,
        "Net Income From Continuing Operation Net Minority Interest": 7682000.0,
        "Reconciled Depreciation": 34321000.0,
        "Reconciled Cost Of Revenue": 718860000.0,
        "EBITDA": 68804000.0,
        "EBIT": 34483000.0,
        "Net Interest Income": -6005000.0,
        "Interest Expense": NaN,
        "Normalized Income": 7682000.0,
        "Net Income From Continuing And Discontinued Operation": 7682000.0,
        "Total Expenses": 1314574000.0,
        "Total Operating Income As Reported": 34483000.0,
        "Diluted Average Shares": 468167000.0,
        "Basic Average Shares": 458415000.0,
        "Diluted EPS": 0.02,
        "Basic EPS": 0.02,
        "Diluted NI Availto Com Stockholders": 7682000.0,
        "Average Dilution Earnings": 225000.0,
        "Net Income Common Stockholders": 7682000.0,
        "Net Income": 7682000.0,
        "Net Income Including Noncontrolling Interests": 7682000.0,
        "Net Income Continuous Operations": 7682000.0,
        "Earnings From Equity Interest Net Of Tax": -898000.0,
        "Tax Provision": 5657000.0,
        "Pretax Income": 14237000.0,
        "Other Income Expense": -14241000.0,
        "Other Non Operating Income Expenses": -14241000.0,
        "Special Income Charges": 0.0,
        "Restructuring And Mergern Acquisition": 0.0,
        "Net Non Operating Interest Income Expense": -6005000.0,
        "Total Other Finance Cost": 6005000.0,
        "Interest Expense Non Operating": NaN,
        "Operating Income": 34483000.0,
        "Operating Expense": 595714000.0,
        "Selling General And Administration": 595714000.0,
        "Gross Profit": 630197000.0,
        "Cost Of Revenue": 718860000.0,
        "Total Revenue": 1349057000.0,
        "Operating Revenue": 1349057000.0
    },
    "2022-03-31": {
        "Diluted EPS": -0.13,
        "Total Revenue": NaN,
        "Gross Profit": 605,
        "Operating Income": -46,
        "EBIT": -128,
        "Net Income": -60
    },
    "2021-12-31": {
        "Diluted EPS": 0.0,
        "Total Revenue": NaN,
        "Gross Profit": NaN,
        "Operating Income": NaN,
        "EBIT": NaN,
        "Net Income": NaN
    },
    "2021-09-30": {
        "Diluted EPS": 0.24,
        "Total Revenue": NaN,
        "Gross Profit": 788,
        "Operating Income": 172,
        "EBIT": 213,
        "Net Income": 113
    },
    "2021-06-30": {
        "Diluted EPS": 0.13,
        "Total Revenue": NaN,
        "Gross Profit": 669,
        "Operating Income": 121,
        "EBIT": 167,
        "Net Income": 59
    },
    "2021-03-31": {
        "Diluted EPS": 0.17,
        "Total Revenue": NaN,
        "Gross Profit": 629,
        "Operating Income": NaN,
        "EBIT": NaN,
        "Net Income": 78
    },
    "2020-12-31": {
        "Diluted EPS": 0.0,
        "Total Revenue": NaN,
        "Gross Profit": NaN,
        "Operating Income": NaN,
        "EBIT": NaN,
        "Net Income": NaN
    },
    "2020-09-30": {
        "Diluted EPS": 0.09,
        "Total Revenue": NaN,
        "Gross Profit": 686,
        "Operating Income": 59,
        "EBIT": 101,
        "Net Income": 39
    },
    "2020-06-30": {
        "Diluted EPS": -0.4,
        "Total Revenue": 708,
        "Gross Profit": 349,
        "Operating Income": -170,
        "EBIT": -81,
        "Net Income": -183
    },
    "2020-03-31": {
        "Diluted EPS": -1.3,
        "Total Revenue": 930,
        "Gross Profit": 431,
        "Operating Income": 930,
        "EBIT": 930,
        "Net Income": -590
    },
    "2019-12-31": {
        "Diluted EPS": 0.0,
        "Total Revenue": NaN,
        "Gross Profit": NaN,
        "Operating Income": NaN,
        "EBIT": NaN,
        "Net Income": NaN
    },
    "2019-09-30": {
        "Diluted EPS": 0.23,
        "Total Revenue": NaN,
        "Gross Profit": 690,
        "Operating Income": 139,
        "EBIT": 186,
        "Net Income": 102
    },
    "2019-06-30": {
        "Diluted EPS": -0.04,
        "Total Revenue": NaN,
        "Gross Profit": 554,
        "Operating Income": -11,
        "EBIT": 82,
        "Net Income": -17
    },
    "2019-03-31": {
        "Diluted EPS": 0.05,
        "Total Revenue": NaN,
        "Gross Profit": 545,
        "Operating Income": NaN,
        "EBIT": NaN,
        "Net Income": 22
    },
    "2018-12-31": {
        "Diluted EPS": 0.0,
        "Total Revenue": NaN,
        "Gross Profit": NaN,
        "Operating Income": NaN,
        "EBIT": NaN,
        "Net Income": NaN
    },
    "2018-09-30": {
        "Diluted EPS": 0.17,
        "Total Revenue": NaN,
        "Gross Profit": 665,
        "Operating Income": 119,
        "EBIT": 163,
        "Net Income": 75
    },
    "2018-06-30": {
        "Diluted EPS": -0.21,
        "Total Revenue": NaN,
        "Gross Profit": 527,
        "Operating Income": -105,
        "EBIT": -13,
        "Net Income": -96
    },
    "2018-03-31": {
        "Diluted EPS": -0.07,
        "Total Revenue": NaN,
        "Gross Profit": 523,
        "Operating Income": NaN,
        "EBIT": NaN,
        "Net Income": -30
    },
    "2017-12-31": {
        "Diluted EPS": 0.0,
        "Total Revenue": NaN,
        "Gross Profit": NaN,
        "Operating Income": NaN,
        "EBIT": NaN,
        "Net Income": NaN
    },
    "2017-09-30": {
        "Diluted EPS": 0.12,
        "Total Revenue": NaN,
        "Gross Profit": 649,
        "Operating Income": 62,
        "EBIT": 107,
        "Net Income": 54
    },
    "2017-06-30": {
        "Diluted EPS": -0.03,
        "Total Revenue": NaN,
        "Gross Profit": 501,
        "Operating Income": -5,
        "EBIT": 79,
        "Net Income": -12
    },
    "2017-03-31": {
        "Diluted EPS": -0.01,
        "Total Revenue": NaN,
        "Gross Profit": 508,
        "Operating Income": NaN,
        "EBIT": NaN,
        "Net Income": -2
    },
    "2016-12-31": {
        "Diluted EPS": 0.0,
        "Total Revenue": NaN,
        "Gross Profit": NaN,
        "Operating Income": NaN,
        "EBIT": NaN,
        "Net Income": NaN
    },
    "2016-09-30": {
        "Diluted EPS": 0.29,
        "Total Revenue": NaN,
        "Gross Profit": 699,
        "Operating Income": 199,
        "EBIT": 237,
        "Net Income": 128
    },
    "2016-06-30": {
        "Diluted EPS": -0.12,
        "Total Revenue": NaN,
        "Gross Profit": 478,
        "Operating Income": 19,
        "EBIT": 87,
        "Net Income": -53
    },
    "2016-03-31": {
        "Diluted EPS": 0.04,
        "Total Revenue": NaN,
        "Gross Profit": 481,
        "Operating Income": NaN,
        "EBIT": NaN,
        "Net Income": 19
    },
    "2015-12-31": {
        "Diluted EPS": 0.0,
        "Total Revenue": NaN,
        "Gross Profit": NaN,
        "Operating Income": NaN,
        "EBIT": NaN,
        "Net Income": NaN
    },
    "2015-09-30": {
        "Diluted EPS": 0.23,
        "Total Revenue": NaN,
        "Gross Profit": 587,
        "Operating Income": 171,
        "EBIT": 198,
        "Net Income": 100
    },
    "2015-06-30": {
        "Diluted EPS": 0.03,
        "Total Revenue": 784,
        "Gross Profit": 379,
        "Operating Income": 32,
        "EBIT": 78,
        "Net Income": 15
    },
    "2015-03-31": {
        "Diluted EPS": 0.03,
        "Total Revenue": 805,
        "Gross Profit": 378,
        "Operating Income": 805,
        "EBIT": 805,
        "Net Income": 12
    },
    "2014-12-31": {
        "Diluted EPS": 0.0,
        "Total Revenue": NaN,
        "Gross Profit": NaN,
        "Operating Income": NaN,
        "EBIT": NaN,
        "Net Income": NaN
    },
    "2014-09-30": {
        "Diluted EPS": 0.21,
        "Total Revenue": 938,
        "Gross Profit": 465,
        "Operating Income": 146,
        "EBIT": 164,
        "Net Income": 89
    },
    "2014-06-30": {
        "Diluted EPS": 0.04,
        "Total Revenue": 610,
        "Gross Profit": 300,
        "Operating Income": 35,
        "EBIT": 69,
        "Net Income": 18
    },
    "2014-03-31": {
        "Diluted EPS": 0.03,
        "Total Revenue": 642,
        "Gross Profit": 301,
        "Operating Income": 642,
        "EBIT": 642,
        "Net Income": 14
    },
    "2013-12-31": {
        "Diluted EPS": 0.0,
        "Total Revenue": NaN,
        "Gross Profit": NaN,
        "Operating Income": NaN,
        "EBIT": NaN,
        "Net Income": NaN
    },
    "2013-09-30": {
        "Diluted EPS": 0.18,
        "Total Revenue": 723,
        "Gross Profit": 350,
        "Operating Income": 121,
        "EBIT": 133,
        "Net Income": 73
    },
    "2013-06-30": {
        "Diluted EPS": 0.04,
        "Total Revenue": 455,
        "Gross Profit": 220,
        "Operating Income": 32,
        "EBIT": 56,
        "Net Income": 18
    },
    "2013-03-31": {
        "Diluted EPS": 0.02,
        "Total Revenue": 472,
        "Gross Profit": 217,
        "Operating Income": 472,
        "EBIT": 472,
        "Net Income": 8
    },
    "2012-12-31": {
        "Diluted EPS": 0.0,
        "Total Revenue": NaN,
        "Gross Profit": NaN,
        "Operating Income": NaN,
        "EBIT": NaN,
        "Net Income": NaN
    },
    "2012-09-30": {
        "Diluted EPS": 0.14,
        "Total Revenue": 575,
        "Gross Profit": 280,
        "Operating Income": 91,
        "EBIT": 102,
        "Net Income": 57
    },
    "2012-06-30": {
        "Diluted EPS": 0.02,
        "Total Revenue": 369,
        "Gross Profit": 169,
        "Operating Income": 12,
        "EBIT": 32,
        "Net Income": 7
    },
    "2012-03-31": {
        "Diluted EPS": 0.04,
        "Total Revenue": 384,
        "Gross Profit": 175,
        "Operating Income": 384,
        "EBIT": 384,
        "Net Income": 15
    },
    "2011-12-31": {
        "Diluted EPS": 0.0,
        "Total Revenue": NaN,
        "Gross Profit": NaN,
        "Operating Income": NaN,
        "EBIT": NaN,
        "Net Income": NaN
    },
    "2011-09-30": {
        "Diluted EPS": 0.11,
        "Total Revenue": 466,
        "Gross Profit": 225,
        "Operating Income": 75,
        "EBIT": 84,
        "Net Income": 46
    },
    "2011-06-30": {
        "Diluted EPS": 0.02,
        "Total Revenue": 291,
        "Gross Profit": 135,
        "Operating Income": 11,
        "EBIT": 28,
        "Net Income": 6
    },
    "2011-03-31": {
        "Diluted EPS": 0.03,
        "Total Revenue": 313,
        "Gross Profit": 145,
        "Operating Income": 313,
        "EBIT": 313,
        "Net Income": 12
    },
    "2010-12-31": {
        "Diluted EPS": 0.0,
        "Total Revenue": NaN,
        "Gross Profit": NaN,
        "Operating Income": NaN,
        "EBIT": NaN,
        "Net Income": NaN
    },
    "2010-09-30": {
        "Diluted EPS": 0.09,
        "Total Revenue": 329,
        "Gross Profit": 167,
        "Operating Income": 57,
        "EBIT": 65,
        "Net Income": 35
    },
    "2010-06-30": {
        "Diluted EPS": 0.01,
        "Total Revenue": 205,
        "Gross Profit": 100,
        "Operating Income": 7,
        "EBIT": 22,
        "Net Income": 3
    },
    "2010-03-31": {
        "Diluted EPS": 0.02,
        "Total Revenue": 229,
        "Gross Profit": 108,
        "Operating Income": 229,
        "EBIT": 229,
        "Net Income": 7
    },
    "2009-12-31": {
        "Diluted EPS": 0.0,
        "Total Revenue": NaN,
        "Gross Profit": NaN,
        "Operating Income": NaN,
        "EBIT": NaN,
        "Net Income": NaN
    },
    "2009-09-30": {
        "Diluted EPS": 0.07,
        "Total Revenue": 270,
        "Gross Profit": 133,
        "Operating Income": 47,
        "EBIT": 54,
        "Net Income": 26
    },
    "2009-06-30": {
        "Diluted EPS": 0.0,
        "Total Revenue": 165,
        "Gross Profit": 74,
        "Operating Income": 3,
        "EBIT": 17,
        "Net Income": 1
    },
    "2009-03-31": {
        "Diluted EPS": 0.01,
        "Total Revenue": 200,
        "Gross Profit": 89,
        "Operating Income": 200,
        "EBIT": 200,
        "Net Income": 4
    },
    "2023-06-30": {
        "Tax Effect Of Unusual Items": 0.0,
        "Tax Rate For Calcs": 0.307,
        "Normalized EBITDA": 57099000.0,
        "Total Unusual Items": NaN,
        "Total Unusual Items Excluding Goodwill": NaN,
        "Net Income From Continuing Operation Net Minority Interest": 8549000.0,
        "Reconciled Depreciation": 36169000.0,
        "Reconciled Cost Of Revenue": 709276000.0,
        "EBITDA": 57099000.0,
        "EBIT": 20930000.0,
        "Net Interest Income": -1626000.0,
        "Interest Expense": NaN,
        "Normalized Income": 8549000.0,
        "Net Income From Continuing And Discontinued Operation": 8549000.0,
        "Total Expenses": 1296082000.0,
        "Total Operating Income As Reported": 20930000.0,
        "Diluted Average Shares": 454506000.0,
        "Basic Average Shares": 444872000.0,
        "Diluted EPS": 0.02,
        "Basic EPS": 0.02,
        "Diluted NI Availto Com Stockholders": 8774000.0,
        "Average Dilution Earnings": 225000.0,
        "Net Income Common Stockholders": 8549000.0,
        "Net Income": 8549000.0,
        "Net Income Including Noncontrolling Interests": 8549000.0,
        "Net Income Continuous Operations": 8549000.0,
        "Earnings From Equity Interest Net Of Tax": -399000.0,
        "Tax Provision": 3971000.0,
        "Pretax Income": 12919000.0,
        "Other Income Expense": -6385000.0,
        "Other Non Operating Income Expenses": -6385000.0,
        "Special Income Charges": NaN,
        "Restructuring And Mergern Acquisition": NaN,
        "Net Non Operating Interest Income Expense": -1626000.0,
        "Total Other Finance Cost": 1626000.0,
        "Interest Expense Non Operating": NaN,
        "Operating Income": 20930000.0,
        "Operating Expense": 586806000.0,
        "Selling General And Administration": 586806000.0,
        "Gross Profit": 607736000.0,
        "Cost Of Revenue": 709276000.0,
        "Total Revenue": 1317012000.0,
        "Operating Revenue": 1317012000.0
    },
    "2023-09-30": {
        "Tax Effect Of Unusual Items": 0.0,
        "Tax Rate For Calcs": 0.212,
        "Normalized EBITDA": 180767000.0,
        "Total Unusual Items": NaN,
        "Total Unusual Items Excluding Goodwill": NaN,
        "Net Income From Continuing Operation Net Minority Interest": 109614000.0,
        "Reconciled Depreciation": 35008000.0,
        "Reconciled Cost Of Revenue": 814715000.0,
        "EBITDA": 180767000.0,
        "EBIT": 145759000.0,
        "Net Interest Income": -373000.0,
        "Interest Expense": NaN,
        "Normalized Income": 109614000.0,
        "Net Income From Continuing And Discontinued Operation": 109614000.0,
        "Total Expenses": 1420951000.0,
        "Total Operating Income As Reported": 145759000.0,
        "Diluted Average Shares": 453715000.0,
        "Basic Average Shares": 443525000.0,
        "Diluted EPS": 0.24,
        "Basic EPS": 0.25,
        "Diluted NI Availto Com Stockholders": 109839000.0,
        "Average Dilution Earnings": 225000.0,
        "Net Income Common Stockholders": 109614000.0,
        "Net Income": 109614000.0,
        "Net Income Including Noncontrolling Interests": 109614000.0,
        "Net Income Continuous Operations": 109614000.0,
        "Earnings From Equity Interest Net Of Tax": 151000.0,
        "Tax Provision": 29494000.0,
        "Pretax Income": 138957000.0,
        "Other Income Expense": -6429000.0,
        "Other Non Operating Income Expenses": -6429000.0,
        "Special Income Charges": NaN,
        "Restructuring And Mergern Acquisition": NaN,
        "Net Non Operating Interest Income Expense": -373000.0,
        "Total Other Finance Cost": 373000.0,
        "Interest Expense Non Operating": NaN,
        "Operating Income": 145759000.0,
        "Operating Expense": 606236000.0,
        "Selling General And Administration": 606236000.0,
        "Gross Profit": 751995000.0,
        "Cost Of Revenue": 814715000.0,
        "Total Revenue": 1566710000.0,
        "Operating Revenue": 1566710000.0
    },
    "2023-12-31": {
        "Tax Effect Of Unusual Items": 0.0,
        "Tax Rate For Calcs": 0.042,
        "Normalized EBITDA": 105028000.0,
        "Total Unusual Items": NaN,
        "Total Unusual Items Excluding Goodwill": NaN,
        "Net Income From Continuing Operation Net Minority Interest": 114143000.0,
        "Reconciled Depreciation": 35508000.0,
        "Reconciled Cost Of Revenue": 814914000.0,
        "EBITDA": 105028000.0,
        "EBIT": 69520000.0,
        "Net Interest Income": -211000.0,
        "Interest Expense": NaN,
        "Normalized Income": 114143000.0,
        "Net Income From Continuing And Discontinued Operation": 114143000.0,
        "Total Expenses": 1416575000.0,
        "Total Operating Income As Reported": 69520000.0,
        "Diluted Average Shares": 448435000.0,
        "Basic Average Shares": 437314000.0,
        "Diluted EPS": 0.26,
        "Basic EPS": 0.26,
        "Diluted NI Availto Com Stockholders": 114368000.0,
        "Average Dilution Earnings": 225000.0,
        "Net Income Common Stockholders": 114143000.0,
        "Net Income": 114143000.0,
        "Net Income Including Noncontrolling Interests": 114143000.0,
        "Net Income Continuous Operations": 114143000.0,
        "Earnings From Equity Interest Net Of Tax": 197000.0,
        "Tax Provision": 4999000.0,
        "Pretax Income": 118945000.0,
        "Other Income Expense": 49636000.0,
        "Other Non Operating Income Expenses": 49636000.0,
        "Special Income Charges": NaN,
        "Restructuring And Mergern Acquisition": NaN,
        "Net Non Operating Interest Income Expense": -211000.0,
        "Total Other Finance Cost": 211000.0,
        "Interest Expense Non Operating": NaN,
        "Operating Income": 69520000.0,
        "Operating Expense": 601661000.0,
        "Selling General And Administration": 601661000.0,
        "Gross Profit": 671181000.0,
        "Cost Of Revenue": 814914000.0,
        "Total Revenue": 1486095000.0,
        "Operating Revenue": 1486095000.0
    }
}