{
    "2023-06-30": {
        "Tax Effect Of Unusual Items": -814963.564094,
        "Tax Rate For Calcs": 0.223584,
        "Total Unusual Items": -3645000.0,
        "Total Unusual Items Excluding Goodwill": -3645000.0,
        "Net Income From Continuing Operation Net Minority Interest": 63288000.0,
        "Reconciled Depreciation": 11466000.0,
        "Net Interest Income": 200286000.0,
        "Interest Expense": 95489000.0,
        "Interest Income": 295775000.0,
        "Normalized Income": 66118036.435906,
        "Net Income From Continuing And Discontinued Operation": 63288000.0,
        "Diluted Average Shares": 115869000.0,
        "Basic Average Shares": 115774000.0,
        "Diluted EPS": 0.53,
        "Basic EPS": 0.53,
        "Diluted NI Availto Com Stockholders": 61227000.0,
        "Net Income Common Stockholders": 61227000.0,
        "Otherunder Preferred Stock Dividend": 342000.0,
        "Preferred Stock Dividends": 1719000.0,
        "Net Income": 63288000.0,
        "Net Income Including Noncontrolling Interests": 63288000.0,
        "Net Income Continuous Operations": 63288000.0,
        "Tax Provision": 18225000.0,
        "Pretax Income": 81513000.0,
        "Special Income Charges": -3645000.0,
        "Restructuring And Mergern Acquisition": 3645000.0,
        "Gain On Sale Of Security": 1892000.0,
        "Depreciation Amortization Depletion Income Statement": 3421000.0,
        "Depreciation And Amortization In Income Statement": 3421000.0,
        "Amortization": 3421000.0,
        "Amortization Of Intangibles Income Statement": 3421000.0,
        "Selling General And Administration": 82706000.0,
        "Selling And Marketing Expense": 2314000.0,
        "General And Administrative Expense": 80392000.0,
        "Insurance And Claims": 4142000.0,
        "Salaries And Wages": 76250000.0,
        "Total Revenue": 231483000.0,
        "Operating Revenue": 231483000.0
    },
    "2023-03-31": {
        "Tax Effect Of Unusual Items": -1917245.645578,
        "Tax Rate For Calcs": 0.222135,
        "Total Unusual Items": -8631000.0,
        "Total Unusual Items Excluding Goodwill": -8631000.0,
        "Net Income From Continuing Operation Net Minority Interest": 62300000.0,
        "Reconciled Depreciation": 12126000.0,
        "Net Interest Income": 211470000.0,
        "Interest Expense": 68017000.0,
        "Interest Income": 279487000.0,
        "Normalized Income": 69013754.354422,
        "Net Income From Continuing And Discontinued Operation": 62300000.0,
        "Diluted Average Shares": 115715000.0,
        "Basic Average Shares": 115451000.0,
        "Diluted EPS": 0.52,
        "Basic EPS": 0.52,
        "Diluted NI Availto Com Stockholders": 60242000.0,
        "Net Income Common Stockholders": 60242000.0,
        "Otherunder Preferred Stock Dividend": 339000.0,
        "Preferred Stock Dividends": 1719000.0,
        "Net Income": 62300000.0,
        "Net Income Including Noncontrolling Interests": 62300000.0,
        "Net Income Continuous Operations": 62300000.0,
        "Tax Provision": 17791000.0,
        "Pretax Income": 80091000.0,
        "Special Income Charges": -8631000.0,
        "Restructuring And Mergern Acquisition": 8631000.0,
        "Gain On Sale Of Security": -225000.0,
        "Depreciation Amortization Depletion Income Statement": 3528000.0,
        "Depreciation And Amortization In Income Statement": 3528000.0,
        "Amortization": 3528000.0,
        "Amortization Of Intangibles Income Statement": 3528000.0,
        "Selling General And Administration": 85048000.0,
        "Selling And Marketing Expense": 2349000.0,
        "General And Administrative Expense": 82699000.0,
        "Insurance And Claims": 4001000.0,
        "Salaries And Wages": 78698000.0,
        "Total Revenue": 235935000.0,
        "Operating Revenue": 235935000.0
    },
    "2022-12-31": {
        "Tax Effect Of Unusual Items": -341330.668728,
        "Tax Rate For Calcs": 0.232198,
        "Total Unusual Items": -1470000.0,
        "Total Unusual Items Excluding Goodwill": -1470000.0,
        "Net Income From Continuing Operation Net Minority Interest": 81450000.0,
        "Reconciled Depreciation": 11993000.0,
        "Net Interest Income": 209888000.0,
        "Interest Expense": 30943000.0,
        "Interest Income": 240831000.0,
        "Normalized Income": 82578669.331272,
        "Net Income From Continuing And Discontinued Operation": 81450000.0,
        "Diluted Average Shares": 106916000.0,
        "Basic Average Shares": 106795000.0,
        "Diluted EPS": 0.74,
        "Basic EPS": 0.74,
        "Diluted NI Availto Com Stockholders": 79277000.0,
        "Net Income Common Stockholders": 79277000.0,
        "Otherunder Preferred Stock Dividend": 455000.0,
        "Preferred Stock Dividends": 1718000.0,
        "Net Income": 81450000.0,
        "Net Income Including Noncontrolling Interests": 81450000.0,
        "Net Income Continuous Operations": 81450000.0,
        "Tax Provision": 24632000.0,
        "Pretax Income": 106082000.0,
        "Special Income Charges": -1470000.0,
        "Restructuring And Mergern Acquisition": 1470000.0,
        "Gain On Sale Of Security": 5562000.0,
        "Depreciation Amortization Depletion Income Statement": 1619000.0,
        "Depreciation And Amortization In Income Statement": 1619000.0,
        "Amortization": 1619000.0,
        "Amortization Of Intangibles Income Statement": 1619000.0,
        "Selling General And Administration": 73293000.0,
        "Selling And Marketing Expense": 2052000.0,
        "General And Administrative Expense": 71241000.0,
        "Insurance And Claims": 3098000.0,
        "Salaries And Wages": 68143000.0,
        "Total Revenue": 237684000.0,
        "Operating Revenue": 237684000.0
    },
    "2022-09-30": {
        "Tax Effect Of Unusual Items": -377497.10765,
        "Tax Rate For Calcs": 0.216207,
        "Total Unusual Items": -1746000.0,
        "Total Unusual Items Excluding Goodwill": -1746000.0,
        "Net Income From Continuing Operation Net Minority Interest": 81161000.0,
        "Reconciled Depreciation": 1678000.0,
        "Net Interest Income": 199774000.0,
        "Interest Expense": 14113000.0,
        "Interest Income": 213887000.0,
        "Normalized Income": 82529502.89235,
        "Net Income From Continuing And Discontinued Operation": 81161000.0,
        "Diluted Average Shares": 106800000.0,
        "Basic Average Shares": 106687000.0,
        "Diluted EPS": 0.74,
        "Basic EPS": 0.74,
        "Diluted NI Availto Com Stockholders": 79035000.0,
        "Net Income Common Stockholders": 79035000.0,
        "Otherunder Preferred Stock Dividend": 407000.0,
        "Preferred Stock Dividends": 1719000.0,
        "Net Income": 81161000.0,
        "Net Income Including Noncontrolling Interests": 81161000.0,
        "Net Income Continuous Operations": 81161000.0,
        "Tax Provision": 22388000.0,
        "Pretax Income": 103549000.0,
        "Special Income Charges": -1746000.0,
        "Restructuring And Mergern Acquisition": 1746000.0,
        "Gain On Sale Of Security": 0.0,
        "Depreciation Amortization Depletion Income Statement": 1678000.0,
        "Depreciation And Amortization In Income Statement": 1678000.0,
        "Amortization": 1678000.0,
        "Amortization Of Intangibles Income Statement": 1678000.0,
        "Selling General And Administration": 72723000.0,
        "Selling And Marketing Expense": 2544000.0,
        "General And Administrative Expense": 70179000.0,
        "Other Gand A": 10985000.0,
        "Insurance And Claims": 2356000.0,
        "Salaries And Wages": 67823000.0,
        "Total Revenue": 226204000.0,
        "Operating Revenue": 226204000.0
    },
    "2022-06-30": {
        "Tax Effect Of Unusual Items": -1589096.688264,
        "Tax Rate For Calcs": 0.222469,
        "Total Unusual Items": -7143000.0,
        "Total Unusual Items Excluding Goodwill": -7143000.0,
        "Net Income From Continuing Operation Net Minority Interest": 66842000.0,
        "Reconciled Depreciation": 1736000.0,
        "Net Interest Income": 178903000.0,
        "Interest Expense": 8475000.0,
        "Interest Income": 187378000.0,
        "Normalized Income": 72395903.311736,
        "Net Income From Continuing And Discontinued Operation": 66842000.0,
        "Diluted Average Shares": 106716000.0,
        "Basic Average Shares": 106610000.0,
        "Diluted EPS": 0.61,
        "Basic EPS": 0.61,
        "Diluted NI Availto Com Stockholders": 64761000.0,
        "Net Income Common Stockholders": 64761000.0,
        "Otherunder Preferred Stock Dividend": 362000.0,
        "Preferred Stock Dividends": 1719000.0,
        "Net Income": 66842000.0,
        "Net Income Including Noncontrolling Interests": 66842000.0,
        "Net Income Continuous Operations": 66842000.0,
        "Tax Provision": 19125000.0,
        "Pretax Income": 85967000.0,
        "Special Income Charges": -7143000.0,
        "Restructuring And Mergern Acquisition": 7143000.0,
        "Gain On Sale Of Security": 46000.0,
        "Depreciation Amortization Depletion Income Statement": 1736000.0,
        "Depreciation And Amortization In Income Statement": 1736000.0,
        "Amortization": 1736000.0,
        "Amortization Of Intangibles Income Statement": 1736000.0,
        "Selling General And Administration": 73800000.0,
        "Selling And Marketing Expense": 2300000.0,
        "General And Administrative Expense": 71500000.0,
        "Other Gand A": 11674000.0,
        "Insurance And Claims": 2267000.0,
        "Salaries And Wages": 69233000.0,
        "Total Revenue": 206367000.0,
        "Operating Revenue": 206367000.0
    },
    "2022-03-31": {
        "Diluted EPS": 0.43,
        "Total Revenue": 210,
        "Gross Profit": 203,
        "Operating Income": 69,
        "EBIT": NaN,
        "Net Income": 46
    },
    "2021-12-31": {
        "Diluted EPS": 0.55,
        "Total Revenue": 181,
        "Gross Profit": 175,
        "Operating Income": 76,
        "EBIT": NaN,
        "Net Income": 50
    },
    "2021-09-30": {
        "Diluted EPS": 0.82,
        "Total Revenue": 188,
        "Gross Profit": 181,
        "Operating Income": 97,
        "EBIT": NaN,
        "Net Income": 72
    },
    "2021-06-30": {
        "Diluted EPS": 0.78,
        "Total Revenue": 182,
        "Gross Profit": 174,
        "Operating Income": 93,
        "EBIT": NaN,
        "Net Income": 68
    },
    "2021-03-31": {
        "Diluted EPS": 0.82,
        "Total Revenue": 186,
        "Gross Profit": 177,
        "Operating Income": 95,
        "EBIT": NaN,
        "Net Income": 72
    },
    "2020-12-31": {
        "Diluted EPS": 0.67,
        "Total Revenue": 197,
        "Gross Profit": 187,
        "Operating Income": 80,
        "EBIT": NaN,
        "Net Income": 57
    },
    "2020-09-30": {
        "Diluted EPS": 0.52,
        "Total Revenue": 190,
        "Gross Profit": 177,
        "Operating Income": 63,
        "EBIT": NaN,
        "Net Income": 45
    },
    "2020-06-30": {
        "Diluted EPS": 0.32,
        "Total Revenue": 164,
        "Gross Profit": 150,
        "Operating Income": 32,
        "EBIT": NaN,
        "Net Income": 25
    },
    "2020-03-31": {
        "Diluted EPS": 0.4,
        "Total Revenue": 162,
        "Gross Profit": 144,
        "Operating Income": 41,
        "EBIT": NaN,
        "Net Income": 32
    },
    "2019-12-31": {
        "Diluted EPS": 0.61,
        "Total Revenue": 167,
        "Gross Profit": 147,
        "Operating Income": 62,
        "EBIT": NaN,
        "Net Income": 49
    },
    "2019-09-30": {
        "Diluted EPS": 0.6,
        "Total Revenue": 170,
        "Gross Profit": 148,
        "Operating Income": 65,
        "EBIT": NaN,
        "Net Income": 48
    },
    "2019-06-30": {
        "Diluted EPS": 0.55,
        "Total Revenue": 164,
        "Gross Profit": 142,
        "Operating Income": 61,
        "EBIT": NaN,
        "Net Income": 44
    },
    "2019-03-31": {
        "Diluted EPS": 0.55,
        "Total Revenue": 157,
        "Gross Profit": 137,
        "Operating Income": 58,
        "EBIT": NaN,
        "Net Income": 44
    },
    "2018-12-31": {
        "Diluted EPS": 0.57,
        "Total Revenue": 157,
        "Gross Profit": 138,
        "Operating Income": 59,
        "EBIT": NaN,
        "Net Income": 45
    },
    "2018-09-30": {
        "Diluted EPS": 0.54,
        "Total Revenue": 153,
        "Gross Profit": 136,
        "Operating Income": 57,
        "EBIT": NaN,
        "Net Income": 43
    },
    "2018-06-30": {
        "Diluted EPS": 0.49,
        "Total Revenue": 146,
        "Gross Profit": 132,
        "Operating Income": 55,
        "EBIT": NaN,
        "Net Income": 39
    },
    "2018-03-31": {
        "Diluted EPS": 0.47,
        "Total Revenue": 138,
        "Gross Profit": 126,
        "Operating Income": 50,
        "EBIT": NaN,
        "Net Income": 37
    },
    "2017-12-31": {
        "Diluted EPS": -0.18,
        "Total Revenue": 129,
        "Gross Profit": 119,
        "Operating Income": 49,
        "EBIT": NaN,
        "Net Income": -12
    },
    "2017-09-30": {
        "Diluted EPS": 0.38,
        "Total Revenue": 119,
        "Gross Profit": 110,
        "Operating Income": 47,
        "EBIT": NaN,
        "Net Income": 28
    },
    "2017-06-30": {
        "Diluted EPS": 0.39,
        "Total Revenue": 117,
        "Gross Profit": 109,
        "Operating Income": 47,
        "EBIT": NaN,
        "Net Income": 28
    },
    "2017-03-31": {
        "Diluted EPS": 0.33,
        "Total Revenue": 113,
        "Gross Profit": 106,
        "Operating Income": 44,
        "EBIT": NaN,
        "Net Income": 24
    },
    "2016-12-31": {
        "Diluted EPS": 0.38,
        "Total Revenue": 113,
        "Gross Profit": 106,
        "Operating Income": 46,
        "EBIT": NaN,
        "Net Income": 27
    },
    "2016-09-30": {
        "Diluted EPS": 0.36,
        "Total Revenue": 112,
        "Gross Profit": 105,
        "Operating Income": 45,
        "EBIT": NaN,
        "Net Income": 26
    },
    "2016-06-30": {
        "Diluted EPS": 0.35,
        "Total Revenue": 105,
        "Gross Profit": 98,
        "Operating Income": 42,
        "EBIT": NaN,
        "Net Income": 25
    },
    "2016-03-31": {
        "Diluted EPS": 0.31,
        "Total Revenue": 99,
        "Gross Profit": 94,
        "Operating Income": 39,
        "EBIT": NaN,
        "Net Income": 22
    },
    "2015-12-31": {
        "Diluted EPS": 0.25,
        "Total Revenue": 101,
        "Gross Profit": 95,
        "Operating Income": 38,
        "EBIT": NaN,
        "Net Income": 18
    },
    "2015-09-30": {
        "Diluted EPS": 0.27,
        "Total Revenue": 89,
        "Gross Profit": 84,
        "Operating Income": 34,
        "EBIT": NaN,
        "Net Income": 18
    },
    "2015-06-30": {
        "Diluted EPS": 0.28,
        "Total Revenue": 83,
        "Gross Profit": 78,
        "Operating Income": 32,
        "EBIT": NaN,
        "Net Income": 18
    },
    "2015-03-31": {
        "Diluted EPS": 0.29,
        "Total Revenue": 78,
        "Gross Profit": 73,
        "Operating Income": 28,
        "EBIT": NaN,
        "Net Income": 18
    },
    "2014-12-31": {
        "Diluted EPS": 0.3,
        "Total Revenue": 79,
        "Gross Profit": 73,
        "Operating Income": 31,
        "EBIT": NaN,
        "Net Income": 18
    },
    "2014-09-30": {
        "Diluted EPS": 0.29,
        "Total Revenue": 77,
        "Gross Profit": 71,
        "Operating Income": 28,
        "EBIT": NaN,
        "Net Income": 18
    },
    "2014-06-30": {
        "Diluted EPS": 0.27,
        "Total Revenue": 76,
        "Gross Profit": 69,
        "Operating Income": 26,
        "EBIT": NaN,
        "Net Income": 16
    },
    "2014-03-31": {
        "Diluted EPS": 0.25,
        "Total Revenue": 72,
        "Gross Profit": 66,
        "Operating Income": 24,
        "EBIT": NaN,
        "Net Income": 15
    },
    "2013-12-31": {
        "Diluted EPS": 0.18,
        "Total Revenue": 75,
        "Gross Profit": 69,
        "Operating Income": 24,
        "EBIT": NaN,
        "Net Income": 13
    },
    "2013-09-30": {
        "Diluted EPS": 0.21,
        "Total Revenue": 75,
        "Gross Profit": 68,
        "Operating Income": 25,
        "EBIT": NaN,
        "Net Income": 12
    },
    "2013-06-30": {
        "Diluted EPS": 3.9,
        "Total Revenue": 78,
        "Gross Profit": 71,
        "Operating Income": -27,
        "EBIT": NaN,
        "Net Income": 227
    },
    "2013-03-31": {
        "Diluted EPS": 0.15,
        "Total Revenue": 75,
        "Gross Profit": 67,
        "Operating Income": 12,
        "EBIT": NaN,
        "Net Income": 9
    },
    "2012-12-31": {
        "Diluted EPS": 0.04,
        "Total Revenue": 78,
        "Gross Profit": 70,
        "Operating Income": 6,
        "EBIT": NaN,
        "Net Income": 2
    },
    "2012-09-30": {
        "Diluted EPS": 0.13,
        "Total Revenue": 79,
        "Gross Profit": 71,
        "Operating Income": 10,
        "EBIT": NaN,
        "Net Income": 8
    },
    "2012-06-30": {
        "Diluted EPS": 0.06,
        "Total Revenue": 79,
        "Gross Profit": 69,
        "Operating Income": 7,
        "EBIT": NaN,
        "Net Income": 3
    },
    "2012-03-31": {
        "Diluted EPS": 0.15,
        "Total Revenue": 85,
        "Gross Profit": 74,
        "Operating Income": 12,
        "EBIT": NaN,
        "Net Income": 8
    },
    "2011-12-31": {
        "Diluted EPS": 7.12,
        "Total Revenue": 84,
        "Gross Profit": 71,
        "Operating Income": 6,
        "EBIT": NaN,
        "Net Income": 7
    },
    "2011-09-30": {
        "Diluted EPS": -0.25,
        "Total Revenue": 86,
        "Gross Profit": 70,
        "Operating Income": -12,
        "EBIT": NaN,
        "Net Income": -14
    },
    "2011-06-30": {
        "Diluted EPS": 0.16,
        "Total Revenue": 90,
        "Gross Profit": 72,
        "Operating Income": 13,
        "EBIT": NaN,
        "Net Income": 9
    },
    "2011-03-31": {
        "Diluted EPS": -13.0,
        "Total Revenue": 87,
        "Gross Profit": 68,
        "Operating Income": -237,
        "EBIT": NaN,
        "Net Income": -240
    },
    "2010-12-31": {
        "Diluted EPS": -9.28,
        "Total Revenue": 93,
        "Gross Profit": 72,
        "Operating Income": -29,
        "EBIT": NaN,
        "Net Income": -176
    },
    "2010-09-30": {
        "Diluted EPS": -12.62,
        "Total Revenue": 97,
        "Gross Profit": 72,
        "Operating Income": -254,
        "EBIT": NaN,
        "Net Income": -239
    },
    "2010-06-30": {
        "Diluted EPS": -3.29,
        "Total Revenue": 99,
        "Gross Profit": 73,
        "Operating Income": -92,
        "EBIT": NaN,
        "Net Income": -62
    },
    "2010-03-31": {
        "Diluted EPS": -1.9,
        "Total Revenue": 101,
        "Gross Profit": 72,
        "Operating Income": -57,
        "EBIT": NaN,
        "Net Income": -36
    },
    "2009-12-31": {
        "Diluted EPS": 0.29,
        "Total Revenue": 111,
        "Gross Profit": 78,
        "Operating Income": -72,
        "EBIT": NaN,
        "Net Income": -42
    },
    "2009-09-30": {
        "Diluted EPS": -7.15,
        "Total Revenue": 114,
        "Gross Profit": 76,
        "Operating Income": -96,
        "EBIT": NaN,
        "Net Income": -71
    },
    "2009-06-30": {
        "Diluted EPS": -1.9,
        "Total Revenue": 125,
        "Gross Profit": 83,
        "Operating Income": -31,
        "EBIT": NaN,
        "Net Income": -19
    },
    "2009-03-31": {
        "Diluted EPS": -11.0,
        "Total Revenue": 115,
        "Gross Profit": 69,
        "Operating Income": -121,
        "EBIT": NaN,
        "Net Income": -106
    },
    "2023-09-30": {
        "Tax Effect Of Unusual Items": -1828509.307421,
        "Tax Rate For Calcs": 0.199445,
        "Total Unusual Items": -9168000.0,
        "Total Unusual Items Excluding Goodwill": -9168000.0,
        "Net Income From Continuing Operation Net Minority Interest": 47866000.0,
        "Reconciled Depreciation": 10435000.0,
        "Net Interest Income": 202556000.0,
        "Interest Expense": 120591000.0,
        "Interest Income": 323147000.0,
        "Normalized Income": 55205490.692579,
        "Net Income From Continuing And Discontinued Operation": 47866000.0,
        "Diluted Average Shares": 119624000.0,
        "Basic Average Shares": 119506000.0,
        "Diluted EPS": 0.39,
        "Basic EPS": 0.39,
        "Diluted NI Availto Com Stockholders": 46775000.0,
        "Net Income Common Stockholders": 46775000.0,
        "Otherunder Preferred Stock Dividend": -533000.0,
        "Preferred Stock Dividends": 1624000.0,
        "Net Income": 47866000.0,
        "Net Income Including Noncontrolling Interests": 47866000.0,
        "Net Income Continuous Operations": 47866000.0,
        "Tax Provision": 11925000.0,
        "Pretax Income": 59791000.0,
        "Special Income Charges": -9168000.0,
        "Restructuring And Mergern Acquisition": 9168000.0,
        "Gain On Sale Of Security": -439000.0,
        "Depreciation Amortization Depletion Income Statement": 4171000.0,
        "Depreciation And Amortization In Income Statement": 4171000.0,
        "Amortization": 4171000.0,
        "Amortization Of Intangibles Income Statement": 4171000.0,
        "Selling General And Administration": 87738000.0,
        "Selling And Marketing Expense": 2251000.0,
        "General And Administrative Expense": 85487000.0,
        "Insurance And Claims": 4314000.0,
        "Salaries And Wages": 81173000.0,
        "Total Revenue": 229275000.0,
        "Operating Revenue": 229275000.0
    },
    "2023-12-31": {
        "Tax Effect Of Unusual Items": -1210860.0,
        "Tax Rate For Calcs": 0.21,
        "Total Unusual Items": -5766000.0,
        "Total Unusual Items Excluding Goodwill": -5766000.0,
        "Net Income From Continuing Operation Net Minority Interest": 14090000.0,
        "Reconciled Depreciation": 10936000.0,
        "Net Interest Income": 203453000.0,
        "Interest Expense": 135245000.0,
        "Interest Income": 338698000.0,
        "Normalized Income": 18645140.0,
        "Net Income From Continuing And Discontinued Operation": 14090000.0,
        "Diluted Average Shares": 119713000.0,
        "Basic Average Shares": 119612000.0,
        "Diluted EPS": 0.11,
        "Basic EPS": 0.11,
        "Diluted NI Availto Com Stockholders": 12602000.0,
        "Net Income Common Stockholders": 12602000.0,
        "Otherunder Preferred Stock Dividend": -85000.0,
        "Preferred Stock Dividends": 1573000.0,
        "Net Income": 14090000.0,
        "Net Income Including Noncontrolling Interests": 14090000.0,
        "Net Income Continuous Operations": 14090000.0,
        "Tax Provision": -2940000.0,
        "Pretax Income": 11150000.0,
        "Special Income Charges": -5766000.0,
        "Restructuring And Mergern Acquisition": 5766000.0,
        "Gain On Sale Of Security": -52051000.0,
        "Depreciation Amortization Depletion Income Statement": 4055000.0,
        "Depreciation And Amortization In Income Statement": 4055000.0,
        "Amortization": 4055000.0,
        "Amortization Of Intangibles Income Statement": 4055000.0,
        "Selling General And Administration": 99894000.0,
        "Selling And Marketing Expense": 2559000.0,
        "General And Administrative Expense": 97335000.0,
        "Insurance And Claims": 14992000.0,
        "Salaries And Wages": 82343000.0,
        "Total Revenue": 175256000.0,
        "Operating Revenue": 175256000.0
    },
    "2024-03-31": {
        "Tax Effect Of Unusual Items": -469991.315643,
        "Tax Rate For Calcs": 0.225199,
        "Total Unusual Items": -2087000.0,
        "Total Unusual Items Excluding Goodwill": -2087000.0,
        "Net Income From Continuing Operation Net Minority Interest": 62631000.0,
        "Reconciled Depreciation": 10880000.0,
        "Net Interest Income": 199149000.0,
        "Interest Expense": 137579000.0,
        "Interest Income": 336728000.0,
        "Normalized Income": 64248008.684357,
        "Net Income From Continuing And Discontinued Operation": 62631000.0,
        "Diluted Average Shares": 119743000.0,
        "Basic Average Shares": 119662000.0,
        "Diluted EPS": 0.51,
        "Basic EPS": 0.51,
        "Diluted NI Availto Com Stockholders": 60713000.0,
        "Net Income Common Stockholders": 60713000.0,
        "Otherunder Preferred Stock Dividend": 345000.0,
        "Preferred Stock Dividends": 1573000.0,
        "Net Income": 62631000.0,
        "Net Income Including Noncontrolling Interests": 62631000.0,
        "Net Income Continuous Operations": 62631000.0,
        "Tax Provision": 18204000.0,
        "Pretax Income": 80835000.0,
        "Special Income Charges": -2087000.0,
        "Restructuring And Mergern Acquisition": 2087000.0,
        "Gain On Sale Of Security": 1342000.0,
        "Depreciation Amortization Depletion Income Statement": 3887000.0,
        "Depreciation And Amortization In Income Statement": 3887000.0,
        "Amortization": 3887000.0,
        "Amortization Of Intangibles Income Statement": 3887000.0,
        "Selling General And Administration": 94452000.0,
        "Selling And Marketing Expense": 1901000.0,
        "General And Administrative Expense": 92551000.0,
        "Insurance And Claims": 7566000.0,
        "Salaries And Wages": 84985000.0,
        "Total Revenue": 233991000.0,
        "Operating Revenue": 233991000.0
    }
}