{
    "2023-03-31": {
        "Tax Effect Of Unusual Items": NaN,
        "Tax Rate For Calcs": NaN,
        "Normalized EBITDA": NaN,
        "Net Income From Continuing Operation Net Minority Interest": NaN,
        "Reconciled Cost Of Revenue": NaN,
        "EBITDA": NaN,
        "EBIT": NaN,
        "Net Interest Income": NaN,
        "Interest Expense": NaN,
        "Interest Income": NaN,
        "Normalized Income": NaN,
        "Net Income From Continuing And Discontinued Operation": NaN,
        "Total Expenses": NaN,
        "Total Operating Income As Reported": NaN,
        "Diluted Average Shares": NaN,
        "Basic Average Shares": NaN,
        "Diluted EPS": NaN,
        "Basic EPS": NaN,
        "Diluted NI Availto Com Stockholders": NaN,
        "Net Income Common Stockholders": NaN,
        "Net Income": NaN,
        "Net Income Including Noncontrolling Interests": NaN,
        "Net Income Continuous Operations": NaN,
        "Earnings From Equity Interest Net Of Tax": NaN,
        "Tax Provision": NaN,
        "Pretax Income": NaN,
        "Other Income Expense": NaN,
        "Other Non Operating Income Expenses": NaN,
        "Net Non Operating Interest Income Expense": NaN,
        "Interest Expense Non Operating": NaN,
        "Interest Income Non Operating": NaN,
        "Operating Income": NaN,
        "Operating Expense": NaN,
        "Other Operating Expenses": -1121000.0,
        "Research And Development": NaN,
        "Selling General And Administration": NaN,
        "Selling And Marketing Expense": NaN,
        "General And Administrative Expense": NaN,
        "Other Gand A": NaN,
        "Gross Profit": NaN,
        "Cost Of Revenue": NaN,
        "Total Revenue": NaN,
        "Operating Revenue": NaN
    },
    "2022-12-31": {
        "Tax Effect Of Unusual Items": NaN,
        "Tax Rate For Calcs": NaN,
        "Normalized EBITDA": NaN,
        "Net Income From Continuing Operation Net Minority Interest": NaN,
        "Reconciled Cost Of Revenue": NaN,
        "EBITDA": NaN,
        "EBIT": NaN,
        "Net Interest Income": NaN,
        "Interest Expense": NaN,
        "Interest Income": NaN,
        "Normalized Income": NaN,
        "Net Income From Continuing And Discontinued Operation": NaN,
        "Total Expenses": NaN,
        "Total Operating Income As Reported": NaN,
        "Diluted Average Shares": NaN,
        "Basic Average Shares": NaN,
        "Diluted EPS": NaN,
        "Basic EPS": NaN,
        "Diluted NI Availto Com Stockholders": NaN,
        "Net Income Common Stockholders": NaN,
        "Net Income": NaN,
        "Net Income Including Noncontrolling Interests": NaN,
        "Net Income Continuous Operations": NaN,
        "Earnings From Equity Interest Net Of Tax": NaN,
        "Tax Provision": NaN,
        "Pretax Income": NaN,
        "Other Income Expense": -15113000.0,
        "Other Non Operating Income Expenses": 149000.0,
        "Net Non Operating Interest Income Expense": NaN,
        "Interest Expense Non Operating": NaN,
        "Interest Income Non Operating": NaN,
        "Operating Income": NaN,
        "Operating Expense": NaN,
        "Other Operating Expenses": -15234000.0,
        "Research And Development": NaN,
        "Selling General And Administration": NaN,
        "Selling And Marketing Expense": NaN,
        "General And Administrative Expense": NaN,
        "Other Gand A": NaN,
        "Gross Profit": NaN,
        "Cost Of Revenue": NaN,
        "Total Revenue": NaN,
        "Operating Revenue": NaN
    },
    "2022-09-30": {
        "Tax Effect Of Unusual Items": NaN,
        "Tax Rate For Calcs": NaN,
        "Normalized EBITDA": NaN,
        "Net Income From Continuing Operation Net Minority Interest": NaN,
        "Reconciled Cost Of Revenue": NaN,
        "EBITDA": NaN,
        "EBIT": NaN,
        "Net Interest Income": NaN,
        "Interest Expense": NaN,
        "Interest Income": NaN,
        "Normalized Income": NaN,
        "Net Income From Continuing And Discontinued Operation": NaN,
        "Total Expenses": NaN,
        "Total Operating Income As Reported": NaN,
        "Diluted Average Shares": NaN,
        "Basic Average Shares": NaN,
        "Diluted EPS": NaN,
        "Basic EPS": NaN,
        "Diluted NI Availto Com Stockholders": NaN,
        "Net Income Common Stockholders": NaN,
        "Net Income": NaN,
        "Net Income Including Noncontrolling Interests": NaN,
        "Net Income Continuous Operations": NaN,
        "Earnings From Equity Interest Net Of Tax": NaN,
        "Tax Provision": NaN,
        "Pretax Income": NaN,
        "Other Income Expense": -5303000.0,
        "Other Non Operating Income Expenses": -5303000.0,
        "Net Non Operating Interest Income Expense": NaN,
        "Interest Expense Non Operating": NaN,
        "Interest Income Non Operating": NaN,
        "Operating Income": NaN,
        "Operating Expense": NaN,
        "Other Operating Expenses": 5523000.0,
        "Research And Development": NaN,
        "Selling General And Administration": NaN,
        "Selling And Marketing Expense": NaN,
        "General And Administrative Expense": NaN,
        "Other Gand A": NaN,
        "Gross Profit": NaN,
        "Cost Of Revenue": NaN,
        "Total Revenue": NaN,
        "Operating Revenue": NaN
    },
    "2022-06-30": {
        "Tax Effect Of Unusual Items": 0.0,
        "Tax Rate For Calcs": 0.4,
        "Normalized EBITDA": -6050000.0,
        "Net Income From Continuing Operation Net Minority Interest": -6289000.0,
        "Reconciled Cost Of Revenue": 10069000.0,
        "EBITDA": -6050000.0,
        "EBIT": -6050000.0,
        "Net Interest Income": -182000.0,
        "Interest Expense": 184000.0,
        "Interest Income": 2000.0,
        "Normalized Income": -6289000.0,
        "Net Income From Continuing And Discontinued Operation": -6289000.0,
        "Total Expenses": 14721000.0,
        "Total Operating Income As Reported": -5815000.0,
        "Diluted Average Shares": 28974765.0,
        "Basic Average Shares": 28974765.0,
        "Diluted EPS": -0.2,
        "Basic EPS": -0.2,
        "Diluted NI Availto Com Stockholders": -6289000.0,
        "Net Income Common Stockholders": -6289000.0,
        "Net Income": -6289000.0,
        "Net Income Including Noncontrolling Interests": -6289000.0,
        "Net Income Continuous Operations": -6289000.0,
        "Earnings From Equity Interest Net Of Tax": 63000.0,
        "Tax Provision": 118000.0,
        "Pretax Income": -6234000.0,
        "Other Income Expense": -9355000.0,
        "Other Non Operating Income Expenses": -229000.0,
        "Net Non Operating Interest Income Expense": -182000.0,
        "Interest Expense Non Operating": 184000.0,
        "Interest Income Non Operating": 2000.0,
        "Operating Income": 3303000.0,
        "Operating Expense": 4652000.0,
        "Other Operating Expenses": -3678000.0,
        "Research And Development": 2419000.0,
        "Selling General And Administration": 5911000.0,
        "Selling And Marketing Expense": 2503000.0,
        "General And Administrative Expense": 3408000.0,
        "Other Gand A": 3408000.0,
        "Gross Profit": 7955000.0,
        "Cost Of Revenue": 10069000.0,
        "Total Revenue": 18024000.0,
        "Operating Revenue": 18024000.0
    },
    "2022-03-31": {
        "Diluted EPS": -0.27,
        "Total Revenue": 16,
        "Gross Profit": 6,
        "Operating Income": -8,
        "EBIT": -8,
        "Net Income": -8
    },
    "2021-12-31": {
        "Diluted EPS": -0.52,
        "Total Revenue": 18,
        "Gross Profit": 5,
        "Operating Income": -15,
        "EBIT": -15,
        "Net Income": -15
    },
    "2021-09-30": {
        "Diluted EPS": -0.25,
        "Total Revenue": 19,
        "Gross Profit": 5,
        "Operating Income": -7,
        "EBIT": -7,
        "Net Income": -7
    },
    "2021-06-30": {
        "Diluted EPS": -0.29,
        "Total Revenue": 19,
        "Gross Profit": 5,
        "Operating Income": -8,
        "EBIT": -8,
        "Net Income": -8
    },
    "2021-03-31": {
        "Diluted EPS": -0.54,
        "Total Revenue": 18,
        "Gross Profit": 6,
        "Operating Income": -15,
        "EBIT": -15,
        "Net Income": -15
    },
    "2020-12-31": {
        "Diluted EPS": -0.41,
        "Total Revenue": 17,
        "Gross Profit": 5,
        "Operating Income": -12,
        "EBIT": -12,
        "Net Income": -12
    },
    "2020-09-30": {
        "Diluted EPS": -0.34,
        "Total Revenue": 18,
        "Gross Profit": 6,
        "Operating Income": -10,
        "EBIT": -10,
        "Net Income": -10
    },
    "2020-06-30": {
        "Diluted EPS": -1.73,
        "Total Revenue": 21,
        "Gross Profit": 5,
        "Operating Income": -42,
        "EBIT": -42,
        "Net Income": -42
    },
    "2020-03-31": {
        "Diluted EPS": -0.02,
        "Total Revenue": 34,
        "Gross Profit": 12,
        "Operating Income": 0,
        "EBIT": 0,
        "Net Income": 0
    },
    "2019-12-31": {
        "Diluted EPS": 0.07,
        "Total Revenue": 54,
        "Gross Profit": 10,
        "Operating Income": -7,
        "EBIT": -7,
        "Net Income": 2
    },
    "2019-09-30": {
        "Diluted EPS": 0.13,
        "Total Revenue": 44,
        "Gross Profit": 19,
        "Operating Income": 4,
        "EBIT": 4,
        "Net Income": 3
    },
    "2019-06-30": {
        "Diluted EPS": 0.0,
        "Total Revenue": 36,
        "Gross Profit": 15,
        "Operating Income": 0,
        "EBIT": 0,
        "Net Income": 0
    },
    "2019-03-31": {
        "Diluted EPS": -0.1,
        "Total Revenue": 25,
        "Gross Profit": 21,
        "Operating Income": 8,
        "EBIT": 9,
        "Net Income": -2
    },
    "2018-12-31": {
        "Diluted EPS": 0.0,
        "Total Revenue": NaN,
        "Gross Profit": NaN,
        "Operating Income": NaN,
        "EBIT": NaN,
        "Net Income": NaN
    },
    "2023-06-30": {
        "Tax Effect Of Unusual Items": 0.0,
        "Tax Rate For Calcs": 0.232,
        "Normalized EBITDA": -918000.0,
        "Net Income From Continuing Operation Net Minority Interest": -917000.0,
        "Reconciled Cost Of Revenue": 12112000.0,
        "EBITDA": -918000.0,
        "EBIT": -918000.0,
        "Net Interest Income": -12000.0,
        "Interest Expense": 31000.0,
        "Interest Income": 19000.0,
        "Normalized Income": -917000.0,
        "Net Income From Continuing And Discontinued Operation": -917000.0,
        "Total Expenses": 22914000.0,
        "Total Operating Income As Reported": -937000.0,
        "Diluted Average Shares": 37058514.0,
        "Basic Average Shares": 37058514.0,
        "Diluted EPS": -0.024745,
        "Basic EPS": -0.024745,
        "Diluted NI Availto Com Stockholders": -917000.0,
        "Net Income Common Stockholders": -917000.0,
        "Net Income": -917000.0,
        "Net Income Including Noncontrolling Interests": -917000.0,
        "Net Income Continuous Operations": -917000.0,
        "Earnings From Equity Interest Net Of Tax": 63000.0,
        "Tax Provision": 31000.0,
        "Pretax Income": -949000.0,
        "Other Income Expense": NaN,
        "Other Non Operating Income Expenses": NaN,
        "Net Non Operating Interest Income Expense": -12000.0,
        "Interest Expense Non Operating": 31000.0,
        "Interest Income Non Operating": 19000.0,
        "Operating Income": -937000.0,
        "Operating Expense": 10802000.0,
        "Other Operating Expenses": 1866000.0,
        "Research And Development": 1554000.0,
        "Selling General And Administration": 7382000.0,
        "Selling And Marketing Expense": 3516000.0,
        "General And Administrative Expense": 3866000.0,
        "Other Gand A": 3866000.0,
        "Gross Profit": 9865000.0,
        "Cost Of Revenue": 12112000.0,
        "Total Revenue": 21977000.0,
        "Operating Revenue": 21977000.0
    },
    "2023-09-30": {
        "Tax Effect Of Unusual Items": 0.0,
        "Tax Rate For Calcs": 0.006957,
        "Normalized EBITDA": 3331000.0,
        "Net Income From Continuing Operation Net Minority Interest": 3485000.0,
        "Reconciled Cost Of Revenue": 11656000.0,
        "EBITDA": 3331000.0,
        "EBIT": 3331000.0,
        "Net Interest Income": -13000.0,
        "Interest Expense": 25000.0,
        "Interest Income": 12000.0,
        "Normalized Income": 3485000.0,
        "Net Income From Continuing And Discontinued Operation": 3485000.0,
        "Total Expenses": 20866000.0,
        "Total Operating Income As Reported": 3319000.0,
        "Diluted Average Shares": 37233411.0,
        "Basic Average Shares": 37233411.0,
        "Diluted EPS": 0.1,
        "Basic EPS": 0.1,
        "Diluted NI Availto Com Stockholders": 3485000.0,
        "Net Income Common Stockholders": 3485000.0,
        "Net Income": 3485000.0,
        "Net Income Including Noncontrolling Interests": 3485000.0,
        "Net Income Continuous Operations": 3485000.0,
        "Earnings From Equity Interest Net Of Tax": 202000.0,
        "Tax Provision": 23000.0,
        "Pretax Income": 3306000.0,
        "Other Income Expense": 322000.0,
        "Other Non Operating Income Expenses": 322000.0,
        "Net Non Operating Interest Income Expense": -13000.0,
        "Interest Expense Non Operating": 25000.0,
        "Interest Income Non Operating": 12000.0,
        "Operating Income": 2997000.0,
        "Operating Expense": 9210000.0,
        "Other Operating Expenses": NaN,
        "Research And Development": 1600000.0,
        "Selling General And Administration": 7610000.0,
        "Selling And Marketing Expense": 3786000.0,
        "General And Administrative Expense": 3824000.0,
        "Other Gand A": 3824000.0,
        "Gross Profit": 12207000.0,
        "Cost Of Revenue": 11656000.0,
        "Total Revenue": 23863000.0,
        "Operating Revenue": 23863000.0
    },
    "2023-12-31": {
        "Tax Effect Of Unusual Items": 0.0,
        "Tax Rate For Calcs": 0.232,
        "Normalized EBITDA": -1824000.0,
        "Net Income From Continuing Operation Net Minority Interest": -1831000.0,
        "Reconciled Cost Of Revenue": 10438000.0,
        "EBITDA": -1824000.0,
        "EBIT": -1824000.0,
        "Net Interest Income": 6000.0,
        "Interest Expense": 28000.0,
        "Interest Income": 34000.0,
        "Normalized Income": -1831000.0,
        "Net Income From Continuing And Discontinued Operation": -1831000.0,
        "Total Expenses": 21391000.0,
        "Total Operating Income As Reported": -1858000.0,
        "Diluted Average Shares": 37448570.0,
        "Basic Average Shares": 37448570.0,
        "Diluted EPS": -0.048894,
        "Basic EPS": -0.048894,
        "Diluted NI Availto Com Stockholders": -1831000.0,
        "Net Income Common Stockholders": -1831000.0,
        "Net Income": -1831000.0,
        "Net Income Including Noncontrolling Interests": -1831000.0,
        "Net Income Continuous Operations": -1831000.0,
        "Earnings From Equity Interest Net Of Tax": 24000.0,
        "Tax Provision": 3000.0,
        "Pretax Income": -1852000.0,
        "Other Income Expense": -2197000.0,
        "Other Non Operating Income Expenses": 862000.0,
        "Net Non Operating Interest Income Expense": 6000.0,
        "Interest Expense Non Operating": 28000.0,
        "Interest Income Non Operating": 34000.0,
        "Operating Income": 339000.0,
        "Operating Expense": 10953000.0,
        "Other Operating Expenses": NaN,
        "Research And Development": 1999000.0,
        "Selling General And Administration": 10074000.0,
        "Selling And Marketing Expense": 4081000.0,
        "General And Administrative Expense": 5993000.0,
        "Other Gand A": 5993000.0,
        "Gross Profit": 11292000.0,
        "Cost Of Revenue": 10438000.0,
        "Total Revenue": 21730000.0,
        "Operating Revenue": 21730000.0
    },
    "2024-03-31": {
        "Tax Effect Of Unusual Items": 0.0,
        "Tax Rate For Calcs": 0.044872,
        "Normalized EBITDA": 524000.0,
        "Net Income From Continuing Operation Net Minority Interest": 430000.0,
        "Reconciled Cost Of Revenue": 8125000.0,
        "EBITDA": 524000.0,
        "EBIT": 524000.0,
        "Net Interest Income": -43000.0,
        "Interest Expense": 56000.0,
        "Interest Income": 13000.0,
        "Normalized Income": 430000.0,
        "Net Income From Continuing And Discontinued Operation": 430000.0,
        "Total Expenses": 17617000.0,
        "Total Operating Income As Reported": 511000.0,
        "Diluted Average Shares": 37477181.0,
        "Basic Average Shares": 37477181.0,
        "Diluted EPS": 0.011474,
        "Basic EPS": 0.011474,
        "Diluted NI Availto Com Stockholders": 430000.0,
        "Net Income Common Stockholders": 430000.0,
        "Net Income": 430000.0,
        "Net Income Including Noncontrolling Interests": 430000.0,
        "Net Income Continuous Operations": 430000.0,
        "Earnings From Equity Interest Net Of Tax": -17000.0,
        "Tax Provision": 21000.0,
        "Pretax Income": 468000.0,
        "Other Income Expense": NaN,
        "Other Non Operating Income Expenses": NaN,
        "Net Non Operating Interest Income Expense": -43000.0,
        "Interest Expense Non Operating": 56000.0,
        "Interest Income Non Operating": 13000.0,
        "Operating Income": 511000.0,
        "Operating Expense": 9492000.0,
        "Other Operating Expenses": 576000.0,
        "Research And Development": 1477000.0,
        "Selling General And Administration": 7439000.0,
        "Selling And Marketing Expense": 4050000.0,
        "General And Administrative Expense": 3389000.0,
        "Other Gand A": 3389000.0,
        "Gross Profit": 10003000.0,
        "Cost Of Revenue": 8125000.0,
        "Total Revenue": 18128000.0,
        "Operating Revenue": 18128000.0
    },
    "2024-06-30": {
        "Tax Effect Of Unusual Items": 0.0,
        "Tax Rate For Calcs": 0.021057,
        "Normalized EBITDA": 2279000.0,
        "Net Income From Continuing Operation Net Minority Interest": 2239000.0,
        "Reconciled Cost Of Revenue": 11361000.0,
        "EBITDA": 2279000.0,
        "EBIT": 2279000.0,
        "Net Interest Income": -20000.0,
        "Interest Expense": 47000.0,
        "Interest Income": 27000.0,
        "Normalized Income": 2239000.0,
        "Net Income From Continuing And Discontinued Operation": 2239000.0,
        "Total Expenses": 20103000.0,
        "Total Operating Income As Reported": 2252000.0,
        "Diluted Average Shares": 37549011.0,
        "Basic Average Shares": 37549011.0,
        "Diluted EPS": 0.1,
        "Basic EPS": 0.1,
        "Diluted NI Availto Com Stockholders": 2239000.0,
        "Net Income Common Stockholders": 2239000.0,
        "Net Income": 2239000.0,
        "Net Income Including Noncontrolling Interests": 2239000.0,
        "Net Income Continuous Operations": 2239000.0,
        "Earnings From Equity Interest Net Of Tax": 54000.0,
        "Tax Provision": 47000.0,
        "Pretax Income": 2232000.0,
        "Other Income Expense": NaN,
        "Other Non Operating Income Expenses": NaN,
        "Net Non Operating Interest Income Expense": -20000.0,
        "Interest Expense Non Operating": 47000.0,
        "Interest Income Non Operating": 27000.0,
        "Operating Income": 2252000.0,
        "Operating Expense": 8742000.0,
        "Other Operating Expenses": -336000.0,
        "Research And Development": 1491000.0,
        "Selling General And Administration": 7587000.0,
        "Selling And Marketing Expense": 4292000.0,
        "General And Administrative Expense": 3295000.0,
        "Other Gand A": 3295000.0,
        "Gross Profit": 10994000.0,
        "Cost Of Revenue": 11361000.0,
        "Total Revenue": 22355000.0,
        "Operating Revenue": 22355000.0
    }
}