{
    "2023-06-30": {
        "Tax Effect Of Unusual Items": 0.0,
        "Tax Rate For Calcs": 0.21,
        "Normalized EBITDA": 26800000.0,
        "Total Unusual Items": 0.0,
        "Total Unusual Items Excluding Goodwill": 0.0,
        "Net Income From Continuing Operation Net Minority Interest": -9400000.0,
        "Reconciled Depreciation": 14900000.0,
        "Reconciled Cost Of Revenue": 353400000.0,
        "EBITDA": 26800000.0,
        "EBIT": 11900000.0,
        "Net Interest Income": -11000000.0,
        "Interest Expense": 11800000.0,
        "Interest Income": 800000.0,
        "Normalized Income": -9400000.0,
        "Net Income From Continuing And Discontinued Operation": -9400000.0,
        "Total Expenses": 408900000.0,
        "Total Operating Income As Reported": 12600000.0,
        "Diluted Average Shares": 44700000.0,
        "Basic Average Shares": 44700000.0,
        "Diluted EPS": -0.21,
        "Basic EPS": -0.21,
        "Diluted NI Availto Com Stockholders": -9400000.0,
        "Net Income Common Stockholders": -9400000.0,
        "Net Income": -9400000.0,
        "Minority Interests": -1200000.0,
        "Net Income Including Noncontrolling Interests": -8200000.0,
        "Net Income Continuous Operations": -8200000.0,
        "Tax Provision": 8300000.0,
        "Pretax Income": 100000.0,
        "Other Income Expense": -1500000.0,
        "Other Non Operating Income Expenses": -1500000.0,
        "Special Income Charges": 0.0,
        "Gain On Sale Of Business": 0.0,
        "Net Non Operating Interest Income Expense": -11000000.0,
        "Interest Expense Non Operating": 11800000.0,
        "Interest Income Non Operating": 800000.0,
        "Operating Income": 12600000.0,
        "Operating Expense": 55500000.0,
        "Research And Development": 7200000.0,
        "Selling General And Administration": 48300000.0,
        "Selling And Marketing Expense": 12700000.0,
        "General And Administrative Expense": 35600000.0,
        "Other Gand A": 35600000.0,
        "Gross Profit": 68100000.0,
        "Cost Of Revenue": 353400000.0,
        "Total Revenue": 421500000.0,
        "Operating Revenue": 421500000.0
    },
    "2023-03-31": {
        "Tax Effect Of Unusual Items": 0.0,
        "Tax Rate For Calcs": 0.21,
        "Normalized EBITDA": 30400000.0,
        "Total Unusual Items": NaN,
        "Total Unusual Items Excluding Goodwill": NaN,
        "Net Income From Continuing Operation Net Minority Interest": -3400000.0,
        "Reconciled Depreciation": 14700000.0,
        "Reconciled Cost Of Revenue": 360300000.0,
        "EBITDA": 30400000.0,
        "EBIT": 15700000.0,
        "Net Interest Income": -11300000.0,
        "Interest Expense": 11800000.0,
        "Interest Income": 500000.0,
        "Normalized Income": -3400000.0,
        "Net Income From Continuing And Discontinued Operation": -3400000.0,
        "Total Expenses": 420900000.0,
        "Total Operating Income As Reported": 12400000.0,
        "Diluted Average Shares": 44800000.0,
        "Basic Average Shares": 44800000.0,
        "Diluted EPS": -0.08,
        "Basic EPS": -0.08,
        "Diluted NI Availto Com Stockholders": -3400000.0,
        "Net Income Common Stockholders": -3400000.0,
        "Net Income": -3400000.0,
        "Minority Interests": -3800000.0,
        "Net Income Including Noncontrolling Interests": 400000.0,
        "Net Income Continuous Operations": 400000.0,
        "Tax Provision": 3500000.0,
        "Pretax Income": 3900000.0,
        "Other Income Expense": 2800000.0,
        "Other Non Operating Income Expenses": 2800000.0,
        "Special Income Charges": NaN,
        "Gain On Sale Of Business": NaN,
        "Net Non Operating Interest Income Expense": -11300000.0,
        "Interest Expense Non Operating": 11800000.0,
        "Interest Income Non Operating": 500000.0,
        "Operating Income": 12400000.0,
        "Operating Expense": 60600000.0,
        "Research And Development": 7100000.0,
        "Selling General And Administration": 53500000.0,
        "Selling And Marketing Expense": 13100000.0,
        "General And Administrative Expense": 40400000.0,
        "Other Gand A": 40400000.0,
        "Gross Profit": 73000000.0,
        "Cost Of Revenue": 360300000.0,
        "Total Revenue": 433300000.0,
        "Operating Revenue": 433300000.0
    },
    "2022-12-31": {
        "Tax Effect Of Unusual Items": 0.0,
        "Tax Rate For Calcs": 0.230352,
        "Normalized EBITDA": 63300000.0,
        "Total Unusual Items": 0.0,
        "Total Unusual Items Excluding Goodwill": 0.0,
        "Net Income From Continuing Operation Net Minority Interest": 27900000.0,
        "Reconciled Depreciation": 15600000.0,
        "Reconciled Cost Of Revenue": 458000000.0,
        "EBITDA": 63300000.0,
        "EBIT": 47700000.0,
        "Net Interest Income": -10300000.0,
        "Interest Expense": 10800000.0,
        "Interest Income": 500000.0,
        "Normalized Income": 27900000.0,
        "Net Income From Continuing And Discontinued Operation": 27900000.0,
        "Total Expenses": 522600000.0,
        "Total Operating Income As Reported": 43800000.0,
        "Diluted Average Shares": 45700000.0,
        "Basic Average Shares": 45400000.0,
        "Diluted EPS": 0.61,
        "Basic EPS": 0.61,
        "Diluted NI Availto Com Stockholders": 27900000.0,
        "Net Income Common Stockholders": 27900000.0,
        "Net Income": 27900000.0,
        "Minority Interests": -500000.0,
        "Net Income Including Noncontrolling Interests": 28400000.0,
        "Net Income Continuous Operations": 28400000.0,
        "Tax Provision": 8500000.0,
        "Pretax Income": 36900000.0,
        "Other Income Expense": 3400000.0,
        "Other Non Operating Income Expenses": 3400000.0,
        "Special Income Charges": 0.0,
        "Gain On Sale Of Business": 0.0,
        "Net Non Operating Interest Income Expense": -10300000.0,
        "Interest Expense Non Operating": 10800000.0,
        "Interest Income Non Operating": 500000.0,
        "Operating Income": 43800000.0,
        "Operating Expense": 64600000.0,
        "Research And Development": 7000000.0,
        "Selling General And Administration": 57600000.0,
        "Selling And Marketing Expense": 13200000.0,
        "General And Administrative Expense": 44400000.0,
        "Other Gand A": 44400000.0,
        "Gross Profit": 108400000.0,
        "Cost Of Revenue": 458000000.0,
        "Total Revenue": 566400000.0,
        "Operating Revenue": 566400000.0
    },
    "2022-09-30": {
        "Tax Effect Of Unusual Items": -4367160.0,
        "Tax Rate For Calcs": 0.21,
        "Normalized EBITDA": 73246000.0,
        "Total Unusual Items": -20796000.0,
        "Total Unusual Items Excluding Goodwill": -20796000.0,
        "Net Income From Continuing Operation Net Minority Interest": 9735000.0,
        "Reconciled Depreciation": 18011000.0,
        "Reconciled Cost Of Revenue": 510613000.0,
        "EBITDA": 52450000.0,
        "EBIT": 34439000.0,
        "Net Interest Income": -9135000.0,
        "Interest Expense": 9376000.0,
        "Interest Income": 241000.0,
        "Normalized Income": 26163840.0,
        "Net Income From Continuing And Discontinued Operation": 9735000.0,
        "Total Expenses": 577934000.0,
        "Total Operating Income As Reported": 36276000.0,
        "Diluted Average Shares": 45600000.0,
        "Basic Average Shares": 45400000.0,
        "Diluted EPS": 0.21,
        "Basic EPS": 0.21,
        "Diluted NI Availto Com Stockholders": 9735000.0,
        "Net Income Common Stockholders": 9735000.0,
        "Net Income": 9735000.0,
        "Minority Interests": -3174000.0,
        "Net Income Including Noncontrolling Interests": 12909000.0,
        "Net Income Continuous Operations": 12909000.0,
        "Tax Provision": 12154000.0,
        "Pretax Income": 25063000.0,
        "Other Income Expense": -22874000.0,
        "Other Non Operating Income Expenses": -2078000.0,
        "Special Income Charges": -20796000.0,
        "Gain On Sale Of Business": -20796000.0,
        "Net Non Operating Interest Income Expense": -9135000.0,
        "Interest Expense Non Operating": 9376000.0,
        "Interest Income Non Operating": 241000.0,
        "Operating Income": 57072000.0,
        "Operating Expense": 67321000.0,
        "Research And Development": 7358000.0,
        "Selling General And Administration": 59963000.0,
        "Selling And Marketing Expense": 13539000.0,
        "General And Administrative Expense": 46424000.0,
        "Other Gand A": 46424000.0,
        "Gross Profit": 124393000.0,
        "Cost Of Revenue": 510613000.0,
        "Total Revenue": 635006000.0,
        "Operating Revenue": 635006000.0
    },
    "2022-06-30": {
        "Tax Effect Of Unusual Items": -22656800.0,
        "Tax Rate For Calcs": 0.4,
        "Normalized EBITDA": 69659000.0,
        "Total Unusual Items": -56642000.0,
        "Total Unusual Items Excluding Goodwill": -56642000.0,
        "Net Income From Continuing Operation Net Minority Interest": -25093000.0,
        "Reconciled Depreciation": 18768000.0,
        "Reconciled Cost Of Revenue": 490330000.0,
        "EBITDA": 13017000.0,
        "EBIT": -5751000.0,
        "Net Interest Income": -7152000.0,
        "Interest Expense": 7277000.0,
        "Interest Income": 125000.0,
        "Normalized Income": 8892200.0,
        "Net Income From Continuing And Discontinued Operation": -25093000.0,
        "Total Expenses": 557566000.0,
        "Total Operating Income As Reported": -5511000.0,
        "Diluted Average Shares": 45200000.0,
        "Basic Average Shares": 45200000.0,
        "Diluted EPS": -0.56,
        "Basic EPS": -0.56,
        "Diluted NI Availto Com Stockholders": -25093000.0,
        "Net Income Common Stockholders": -25093000.0,
        "Net Income": -25093000.0,
        "Minority Interests": -3357000.0,
        "Net Income Including Noncontrolling Interests": -21736000.0,
        "Net Income Continuous Operations": -21736000.0,
        "Tax Provision": 8708000.0,
        "Pretax Income": -13028000.0,
        "Other Income Expense": -57007000.0,
        "Other Non Operating Income Expenses": -365000.0,
        "Special Income Charges": -56642000.0,
        "Gain On Sale Of Business": -56642000.0,
        "Net Non Operating Interest Income Expense": -7152000.0,
        "Interest Expense Non Operating": 7277000.0,
        "Interest Income Non Operating": 125000.0,
        "Operating Income": 51131000.0,
        "Operating Expense": 67236000.0,
        "Research And Development": 7239000.0,
        "Selling General And Administration": 59997000.0,
        "Selling And Marketing Expense": 13854000.0,
        "General And Administrative Expense": 46143000.0,
        "Other Gand A": 46143000.0,
        "Gross Profit": 118367000.0,
        "Cost Of Revenue": 490330000.0,
        "Total Revenue": 608697000.0,
        "Operating Revenue": 608697000.0
    },
    "2022-03-31": {
        "Diluted EPS": 0.61,
        "Total Revenue": 564,
        "Gross Profit": 114,
        "Operating Income": 46,
        "EBIT": 65,
        "Net Income": 28
    },
    "2021-12-31": {
        "Diluted EPS": 1.0,
        "Total Revenue": 615,
        "Gross Profit": 129,
        "Operating Income": 63,
        "EBIT": 83,
        "Net Income": 46
    },
    "2021-09-30": {
        "Diluted EPS": 0.7,
        "Total Revenue": 554,
        "Gross Profit": 114,
        "Operating Income": 51,
        "EBIT": 70,
        "Net Income": 32
    },
    "2021-06-30": {
        "Diluted EPS": 0.39,
        "Total Revenue": 515,
        "Gross Profit": 100,
        "Operating Income": 32,
        "EBIT": 51,
        "Net Income": 17
    },
    "2021-03-31": {
        "Diluted EPS": 0.6,
        "Total Revenue": 418,
        "Gross Profit": 87,
        "Operating Income": 40,
        "EBIT": 52,
        "Net Income": 25
    },
    "2020-12-31": {
        "Diluted EPS": 0.55,
        "Total Revenue": 370,
        "Gross Profit": 78,
        "Operating Income": 33,
        "EBIT": 45,
        "Net Income": 23
    },
    "2020-09-30": {
        "Diluted EPS": 0.59,
        "Total Revenue": 363,
        "Gross Profit": 75,
        "Operating Income": 35,
        "EBIT": 47,
        "Net Income": 24
    },
    "2020-06-30": {
        "Diluted EPS": 0.52,
        "Total Revenue": 345,
        "Gross Profit": 74,
        "Operating Income": 31,
        "EBIT": 43,
        "Net Income": 21
    },
    "2020-03-31": {
        "Diluted EPS": 0.23,
        "Total Revenue": 321,
        "Gross Profit": 66,
        "Operating Income": 23,
        "EBIT": 34,
        "Net Income": 9
    },
    "2019-12-31": {
        "Diluted EPS": -0.26,
        "Total Revenue": 286,
        "Gross Profit": 56,
        "Operating Income": 4,
        "EBIT": 16,
        "Net Income": -10
    },
    "2019-09-30": {
        "Diluted EPS": 0.01,
        "Total Revenue": 254,
        "Gross Profit": 48,
        "Operating Income": 8,
        "EBIT": 19,
        "Net Income": 1
    },
    "2019-06-30": {
        "Diluted EPS": -0.01,
        "Total Revenue": 265,
        "Gross Profit": 48,
        "Operating Income": 9,
        "EBIT": 18,
        "Net Income": 0
    },
    "2019-03-31": {
        "Diluted EPS": 0.02,
        "Total Revenue": 260,
        "Gross Profit": 45,
        "Operating Income": 8,
        "EBIT": 20,
        "Net Income": 1
    },
    "2018-12-31": {
        "Diluted EPS": -0.05,
        "Total Revenue": 257,
        "Gross Profit": 46,
        "Operating Income": 10,
        "EBIT": 21,
        "Net Income": -1
    },
    "2018-09-30": {
        "Diluted EPS": -0.15,
        "Total Revenue": 234,
        "Gross Profit": 35,
        "Operating Income": 1,
        "EBIT": 6,
        "Net Income": -6
    },
    "2018-06-30": {
        "Diluted EPS": 0.48,
        "Total Revenue": 290,
        "Gross Profit": 46,
        "Operating Income": 23,
        "EBIT": 25,
        "Net Income": 19
    },
    "2018-03-31": {
        "Diluted EPS": 0.66,
        "Total Revenue": 315,
        "Gross Profit": 49,
        "Operating Income": 27,
        "EBIT": 29,
        "Net Income": 25
    },
    "2017-12-31": {
        "Diluted EPS": 0.61,
        "Total Revenue": 249,
        "Gross Profit": 44,
        "Operating Income": 22,
        "EBIT": 25,
        "Net Income": 21
    },
    "2017-09-30": {
        "Diluted EPS": 0.57,
        "Total Revenue": 243,
        "Gross Profit": 43,
        "Operating Income": 23,
        "EBIT": 26,
        "Net Income": 20
    },
    "2017-06-30": {
        "Diluted EPS": 0.59,
        "Total Revenue": 228,
        "Gross Profit": 43,
        "Operating Income": 24,
        "EBIT": 27,
        "Net Income": 20
    },
    "2017-03-31": {
        "Diluted EPS": 0.42,
        "Total Revenue": 205,
        "Gross Profit": 37,
        "Operating Income": 20,
        "EBIT": 22,
        "Net Income": 14
    },
    "2016-12-31": {
        "Diluted EPS": 0.3,
        "Total Revenue": 175,
        "Gross Profit": 30,
        "Operating Income": 13,
        "EBIT": 16,
        "Net Income": 10
    },
    "2016-09-30": {
        "Diluted EPS": 0.08,
        "Total Revenue": 146,
        "Gross Profit": 23,
        "Operating Income": 7,
        "EBIT": 10,
        "Net Income": 3
    },
    "2016-06-30": {
        "Diluted EPS": 0.02,
        "Total Revenue": 130,
        "Gross Profit": 19,
        "Operating Income": 4,
        "EBIT": 7,
        "Net Income": 1
    },
    "2016-03-31": {
        "Diluted EPS": -0.1,
        "Total Revenue": 112,
        "Gross Profit": 15,
        "Operating Income": -1,
        "EBIT": 2,
        "Net Income": -3
    },
    "2015-12-31": {
        "Diluted EPS": -0.5,
        "Total Revenue": 103,
        "Gross Profit": 13,
        "Operating Income": -3,
        "EBIT": 0,
        "Net Income": -16
    },
    "2015-09-30": {
        "Diluted EPS": 0.05,
        "Total Revenue": 123,
        "Gross Profit": 19,
        "Operating Income": 3,
        "EBIT": 6,
        "Net Income": 2
    },
    "2015-06-30": {
        "Diluted EPS": 0.07,
        "Total Revenue": 118,
        "Gross Profit": 19,
        "Operating Income": 3,
        "EBIT": 6,
        "Net Income": 2
    },
    "2015-03-31": {
        "Diluted EPS": 0.04,
        "Total Revenue": 125,
        "Gross Profit": 20,
        "Operating Income": 3,
        "EBIT": 5,
        "Net Income": 1
    },
    "2014-12-31": {
        "Diluted EPS": 0.12,
        "Total Revenue": 120,
        "Gross Profit": 18,
        "Operating Income": 5,
        "EBIT": 7,
        "Net Income": 4
    },
    "2014-09-30": {
        "Diluted EPS": -0.18,
        "Total Revenue": 117,
        "Gross Profit": 10,
        "Operating Income": -4,
        "EBIT": -2,
        "Net Income": -5
    },
    "2014-06-30": {
        "Diluted EPS": 0.2,
        "Total Revenue": 133,
        "Gross Profit": 21,
        "Operating Income": 8,
        "EBIT": 10,
        "Net Income": 6
    },
    "2014-03-31": {
        "Diluted EPS": 0.24,
        "Total Revenue": 144,
        "Gross Profit": 23,
        "Operating Income": 9,
        "EBIT": 11,
        "Net Income": 7
    },
    "2013-12-31": {
        "Diluted EPS": 0.22,
        "Total Revenue": 126,
        "Gross Profit": 22,
        "Operating Income": 8,
        "EBIT": 11,
        "Net Income": 6
    },
    "2013-09-30": {
        "Diluted EPS": 0.07,
        "Total Revenue": 107,
        "Gross Profit": 16,
        "Operating Income": 3,
        "EBIT": 6,
        "Net Income": 2
    },
    "2013-06-30": {
        "Diluted EPS": 0.08,
        "Total Revenue": 110,
        "Gross Profit": 16,
        "Operating Income": 4,
        "EBIT": 6,
        "Net Income": 2
    },
    "2013-03-31": {
        "Diluted EPS": -0.01,
        "Total Revenue": 100,
        "Gross Profit": 14,
        "Operating Income": 1,
        "EBIT": 3,
        "Net Income": 0
    },
    "2012-12-31": {
        "Diluted EPS": -0.08,
        "Total Revenue": 90,
        "Gross Profit": 12,
        "Operating Income": -2,
        "EBIT": 1,
        "Net Income": -1
    },
    "2012-09-30": {
        "Diluted EPS": -0.04,
        "Total Revenue": 101,
        "Gross Profit": 14,
        "Operating Income": -1,
        "EBIT": 2,
        "Net Income": -1
    },
    "2012-06-30": {
        "Diluted EPS": 0.12,
        "Total Revenue": 102,
        "Gross Profit": 14,
        "Operating Income": 4,
        "EBIT": 5,
        "Net Income": 3
    },
    "2012-03-31": {
        "Diluted EPS": 0.2,
        "Total Revenue": 111,
        "Gross Profit": 16,
        "Operating Income": 6,
        "EBIT": 7,
        "Net Income": 5
    },
    "2011-12-31": {
        "Diluted EPS": 0.32,
        "Total Revenue": 87,
        "Gross Profit": 10,
        "Operating Income": 2,
        "EBIT": 2,
        "Net Income": 8
    },
    "2011-09-30": {
        "Diluted EPS": 0.14,
        "Total Revenue": 105,
        "Gross Profit": 13,
        "Operating Income": 4,
        "EBIT": 5,
        "Net Income": 3
    },
    "2011-06-30": {
        "Diluted EPS": 0.3,
        "Total Revenue": 134,
        "Gross Profit": 19,
        "Operating Income": 9,
        "EBIT": 10,
        "Net Income": 7
    },
    "2011-03-31": {
        "Diluted EPS": 0.25,
        "Total Revenue": 127,
        "Gross Profit": 18,
        "Operating Income": 8,
        "EBIT": 9,
        "Net Income": 6
    },
    "2010-12-31": {
        "Diluted EPS": 0.16,
        "Total Revenue": 120,
        "Gross Profit": 15,
        "Operating Income": 6,
        "EBIT": 6,
        "Net Income": 4
    },
    "2010-09-30": {
        "Diluted EPS": 0.29,
        "Total Revenue": 118,
        "Gross Profit": 17,
        "Operating Income": 9,
        "EBIT": 9,
        "Net Income": 7
    },
    "2010-06-30": {
        "Diluted EPS": 0.25,
        "Total Revenue": 106,
        "Gross Profit": 15,
        "Operating Income": 7,
        "EBIT": 7,
        "Net Income": 6
    },
    "2010-03-31": {
        "Diluted EPS": 0.17,
        "Total Revenue": 98,
        "Gross Profit": 12,
        "Operating Income": 5,
        "EBIT": 5,
        "Net Income": 4
    },
    "2009-12-31": {
        "Diluted EPS": 0.12,
        "Total Revenue": 73,
        "Gross Profit": 8,
        "Operating Income": 2,
        "EBIT": 3,
        "Net Income": 2
    },
    "2009-09-30": {
        "Diluted EPS": -0.07,
        "Total Revenue": 41,
        "Gross Profit": 3,
        "Operating Income": -2,
        "EBIT": -1,
        "Net Income": -1
    },
    "2009-06-30": {
        "Diluted EPS": -0.66,
        "Total Revenue": 23,
        "Gross Profit": -1,
        "Operating Income": -6,
        "EBIT": -6,
        "Net Income": -14
    },
    "2009-03-31": {
        "Diluted EPS": -0.33,
        "Total Revenue": 22,
        "Gross Profit": -3,
        "Operating Income": -10,
        "EBIT": -9,
        "Net Income": -7
    },
    "2023-09-30": {
        "Tax Effect Of Unusual Items": 0.0,
        "Tax Rate For Calcs": 0.21,
        "Normalized EBITDA": 20000000.0,
        "Total Unusual Items": 0.0,
        "Total Unusual Items Excluding Goodwill": 0.0,
        "Net Income From Continuing Operation Net Minority Interest": -14500000.0,
        "Reconciled Depreciation": 15200000.0,
        "Reconciled Cost Of Revenue": 369800000.0,
        "EBITDA": 20000000.0,
        "EBIT": 4800000.0,
        "Net Interest Income": -11100000.0,
        "Interest Expense": 12300000.0,
        "Interest Income": 1200000.0,
        "Normalized Income": -14500000.0,
        "Net Income From Continuing And Discontinued Operation": -14500000.0,
        "Total Expenses": 429300000.0,
        "Total Operating Income As Reported": 5700000.0,
        "Diluted Average Shares": 44800000.0,
        "Basic Average Shares": 44800000.0,
        "Diluted EPS": -0.32,
        "Basic EPS": -0.32,
        "Diluted NI Availto Com Stockholders": -14500000.0,
        "Net Income Common Stockholders": -14500000.0,
        "Net Income": -14500000.0,
        "Minority Interests": -1700000.0,
        "Net Income Including Noncontrolling Interests": -12800000.0,
        "Net Income Continuous Operations": -12800000.0,
        "Tax Provision": 5300000.0,
        "Pretax Income": -7500000.0,
        "Other Income Expense": -2100000.0,
        "Other Non Operating Income Expenses": -2100000.0,
        "Special Income Charges": 0.0,
        "Gain On Sale Of Business": 0.0,
        "Net Non Operating Interest Income Expense": -11100000.0,
        "Interest Expense Non Operating": 12300000.0,
        "Interest Income Non Operating": 1200000.0,
        "Operating Income": 5700000.0,
        "Operating Expense": 59500000.0,
        "Research And Development": 7400000.0,
        "Selling General And Administration": 52100000.0,
        "Selling And Marketing Expense": 12800000.0,
        "General And Administrative Expense": 39300000.0,
        "Other Gand A": 39300000.0,
        "Gross Profit": 65200000.0,
        "Cost Of Revenue": 369800000.0,
        "Total Revenue": 435000000.0,
        "Operating Revenue": 435000000.0
    },
    "2023-12-31": {
        "Tax Effect Of Unusual Items": 0.0,
        "Tax Rate For Calcs": 0.21,
        "Normalized EBITDA": 22000000.0,
        "Total Unusual Items": 0.0,
        "Total Unusual Items Excluding Goodwill": 0.0,
        "Net Income From Continuing Operation Net Minority Interest": -3800000.0,
        "Reconciled Depreciation": 16900000.0,
        "Reconciled Cost Of Revenue": 373700000.0,
        "EBITDA": 22000000.0,
        "EBIT": 5100000.0,
        "Net Interest Income": -11300000.0,
        "Interest Expense": 12900000.0,
        "Interest Income": 1600000.0,
        "Normalized Income": -3800000.0,
        "Net Income From Continuing And Discontinued Operation": -3800000.0,
        "Total Expenses": 440200000.0,
        "Total Operating Income As Reported": 4500000.0,
        "Diluted Average Shares": 44700000.0,
        "Basic Average Shares": 44700000.0,
        "Diluted EPS": -0.08,
        "Basic EPS": -0.08,
        "Diluted NI Availto Com Stockholders": -3800000.0,
        "Net Income Common Stockholders": -3800000.0,
        "Net Income": -3800000.0,
        "Minority Interests": -2200000.0,
        "Net Income Including Noncontrolling Interests": -1600000.0,
        "Net Income Continuous Operations": -1600000.0,
        "Tax Provision": -6200000.0,
        "Pretax Income": -7800000.0,
        "Other Income Expense": -1000000.0,
        "Other Non Operating Income Expenses": -1000000.0,
        "Special Income Charges": 0.0,
        "Gain On Sale Of Business": 0.0,
        "Net Non Operating Interest Income Expense": -11300000.0,
        "Interest Expense Non Operating": 12900000.0,
        "Interest Income Non Operating": 1600000.0,
        "Operating Income": 4500000.0,
        "Operating Expense": 66500000.0,
        "Research And Development": 6600000.0,
        "Selling General And Administration": 59900000.0,
        "Selling And Marketing Expense": 13200000.0,
        "General And Administrative Expense": 46700000.0,
        "Other Gand A": 46700000.0,
        "Gross Profit": 71000000.0,
        "Cost Of Revenue": 373700000.0,
        "Total Revenue": 444700000.0,
        "Operating Revenue": 444700000.0
    },
    "2024-03-31": {
        "Tax Effect Of Unusual Items": 0.0,
        "Tax Rate For Calcs": 0.4,
        "Normalized EBITDA": 34100000.0,
        "Total Unusual Items": NaN,
        "Total Unusual Items Excluding Goodwill": NaN,
        "Net Income From Continuing Operation Net Minority Interest": -9400000.0,
        "Reconciled Depreciation": 19200000.0,
        "Reconciled Cost Of Revenue": 395100000.0,
        "EBITDA": 34100000.0,
        "EBIT": 14900000.0,
        "Net Interest Income": -10800000.0,
        "Interest Expense": 12200000.0,
        "Interest Income": 1400000.0,
        "Normalized Income": -9400000.0,
        "Net Income From Continuing And Discontinued Operation": -9400000.0,
        "Total Expenses": 460400000.0,
        "Total Operating Income As Reported": 17300000.0,
        "Diluted Average Shares": 44600000.0,
        "Basic Average Shares": 44600000.0,
        "Diluted EPS": -0.21,
        "Basic EPS": -0.21,
        "Diluted NI Availto Com Stockholders": -9400000.0,
        "Net Income Common Stockholders": -9400000.0,
        "Net Income": -9400000.0,
        "Minority Interests": -2200000.0,
        "Net Income Including Noncontrolling Interests": -7200000.0,
        "Net Income Continuous Operations": -7200000.0,
        "Tax Provision": 9900000.0,
        "Pretax Income": 2700000.0,
        "Other Income Expense": -3800000.0,
        "Other Non Operating Income Expenses": -3800000.0,
        "Special Income Charges": NaN,
        "Gain On Sale Of Business": NaN,
        "Net Non Operating Interest Income Expense": -10800000.0,
        "Interest Expense Non Operating": 12200000.0,
        "Interest Income Non Operating": 1400000.0,
        "Operating Income": 17300000.0,
        "Operating Expense": 65300000.0,
        "Research And Development": 7000000.0,
        "Selling General And Administration": 58300000.0,
        "Selling And Marketing Expense": 13700000.0,
        "General And Administrative Expense": 44600000.0,
        "Other Gand A": 44600000.0,
        "Gross Profit": 82600000.0,
        "Cost Of Revenue": 395100000.0,
        "Total Revenue": 477700000.0,
        "Operating Revenue": 477700000.0
    }
}