{
    "2023-03-31": {
        "Tax Effect Of Unusual Items": -4051200.0,
        "Tax Rate For Calcs": 0.4,
        "Normalized EBITDA": -21235000.0,
        "Total Unusual Items": -10128000.0,
        "Total Unusual Items Excluding Goodwill": -10128000.0,
        "Net Income From Continuing Operation Net Minority Interest": -44544000.0,
        "Reconciled Depreciation": 5786000.0,
        "Reconciled Cost Of Revenue": 76701000.0,
        "EBITDA": -31363000.0,
        "EBIT": -37149000.0,
        "Net Interest Income": 3932000.0,
        "Normalized Income": -38467200.0,
        "Net Income From Continuing And Discontinued Operation": -44544000.0,
        "Total Expenses": 213579000.0,
        "Total Operating Income As Reported": -47277000.0,
        "Diluted Average Shares": 145737709.0,
        "Basic Average Shares": 145737709.0,
        "Diluted EPS": -0.31,
        "Basic EPS": -0.31,
        "Diluted NI Availto Com Stockholders": -44544000.0,
        "Net Income Common Stockholders": -44544000.0,
        "Net Income": -44544000.0,
        "Net Income Including Noncontrolling Interests": -44544000.0,
        "Net Income Continuous Operations": -44544000.0,
        "Tax Provision": 1057000.0,
        "Pretax Income": -43487000.0,
        "Other Income Expense": -10270000.0,
        "Other Non Operating Income Expenses": -142000.0,
        "Special Income Charges": -10128000.0,
        "Restructuring And Mergern Acquisition": 10128000.0,
        "Net Non Operating Interest Income Expense": 3932000.0,
        "Total Other Finance Cost": -3932000.0,
        "Operating Income": -37149000.0,
        "Operating Expense": 136878000.0,
        "Research And Development": 30887000.0,
        "Selling General And Administration": 105991000.0,
        "Selling And Marketing Expense": 79657000.0,
        "General And Administrative Expense": 26334000.0,
        "Other Gand A": 26334000.0,
        "Gross Profit": 99729000.0,
        "Cost Of Revenue": 76701000.0,
        "Total Revenue": 176430000.0,
        "Operating Revenue": 176430000.0
    },
    "2022-12-31": {
        "Tax Effect Of Unusual Items": 0.0,
        "Tax Rate For Calcs": 0.21,
        "Normalized EBITDA": -54096000.0,
        "Total Unusual Items": NaN,
        "Total Unusual Items Excluding Goodwill": NaN,
        "Net Income From Continuing Operation Net Minority Interest": -52153000.0,
        "Reconciled Depreciation": 5600000.0,
        "Reconciled Cost Of Revenue": 73990000.0,
        "EBITDA": -54096000.0,
        "EBIT": -54096000.0,
        "Net Interest Income": 3335000.0,
        "Normalized Income": -52153000.0,
        "Net Income From Continuing And Discontinued Operation": -52153000.0,
        "Total Expenses": 219426000.0,
        "Total Operating Income As Reported": -54096000.0,
        "Diluted Average Shares": 143120852.0,
        "Basic Average Shares": 143120852.0,
        "Diluted EPS": -0.36,
        "Basic EPS": -0.36,
        "Diluted NI Availto Com Stockholders": -52153000.0,
        "Net Income Common Stockholders": -52153000.0,
        "Net Income": -52153000.0,
        "Net Income Including Noncontrolling Interests": -52153000.0,
        "Net Income Continuous Operations": -52153000.0,
        "Tax Provision": 1135000.0,
        "Pretax Income": -51018000.0,
        "Other Income Expense": -257000.0,
        "Other Non Operating Income Expenses": -257000.0,
        "Special Income Charges": NaN,
        "Restructuring And Mergern Acquisition": NaN,
        "Net Non Operating Interest Income Expense": 3335000.0,
        "Total Other Finance Cost": -3335000.0,
        "Operating Income": -54096000.0,
        "Operating Expense": 145436000.0,
        "Research And Development": 29961000.0,
        "Selling General And Administration": 115475000.0,
        "Selling And Marketing Expense": 88558000.0,
        "General And Administrative Expense": 26917000.0,
        "Other Gand A": 26917000.0,
        "Gross Profit": 91340000.0,
        "Cost Of Revenue": 73990000.0,
        "Total Revenue": 165330000.0,
        "Operating Revenue": 165330000.0
    },
    "2022-09-30": {
        "Tax Effect Of Unusual Items": 0.0,
        "Tax Rate For Calcs": 0.4,
        "Normalized EBITDA": -37835000.0,
        "Total Unusual Items": NaN,
        "Total Unusual Items Excluding Goodwill": NaN,
        "Net Income From Continuing Operation Net Minority Interest": -46693000.0,
        "Reconciled Depreciation": 5416000.0,
        "Reconciled Cost Of Revenue": 69080000.0,
        "EBITDA": -37835000.0,
        "EBIT": -43251000.0,
        "Net Interest Income": 592000.0,
        "Normalized Income": -46693000.0,
        "Net Income From Continuing And Discontinued Operation": -46693000.0,
        "Total Expenses": 201683000.0,
        "Total Operating Income As Reported": -43251000.0,
        "Diluted Average Shares": 140951605.0,
        "Basic Average Shares": 140951605.0,
        "Diluted EPS": -0.33,
        "Basic EPS": -0.33,
        "Diluted NI Availto Com Stockholders": -46693000.0,
        "Net Income Common Stockholders": -46693000.0,
        "Net Income": -46693000.0,
        "Net Income Including Noncontrolling Interests": -46693000.0,
        "Net Income Continuous Operations": -46693000.0,
        "Tax Provision": 511000.0,
        "Pretax Income": -46182000.0,
        "Other Income Expense": -3523000.0,
        "Other Non Operating Income Expenses": -3523000.0,
        "Special Income Charges": NaN,
        "Restructuring And Mergern Acquisition": NaN,
        "Net Non Operating Interest Income Expense": 592000.0,
        "Total Other Finance Cost": -592000.0,
        "Operating Income": -43251000.0,
        "Operating Expense": 132603000.0,
        "Research And Development": 28062000.0,
        "Selling General And Administration": 104541000.0,
        "Selling And Marketing Expense": 77490000.0,
        "General And Administrative Expense": 27051000.0,
        "Other Gand A": 27051000.0,
        "Gross Profit": 89352000.0,
        "Cost Of Revenue": 69080000.0,
        "Total Revenue": 158432000.0,
        "Operating Revenue": 158432000.0
    },
    "2022-06-30": {
        "Tax Effect Of Unusual Items": 0.0,
        "Tax Rate For Calcs": 0.4,
        "Normalized EBITDA": -23294000.0,
        "Total Unusual Items": NaN,
        "Total Unusual Items Excluding Goodwill": NaN,
        "Net Income From Continuing Operation Net Minority Interest": -29380000.0,
        "Reconciled Depreciation": 5233000.0,
        "Reconciled Cost Of Revenue": 65812000.0,
        "EBITDA": -23294000.0,
        "EBIT": -28527000.0,
        "Net Interest Income": 127000.0,
        "Normalized Income": -29380000.0,
        "Net Income From Continuing And Discontinued Operation": -29380000.0,
        "Total Expenses": 181639000.0,
        "Total Operating Income As Reported": -28527000.0,
        "Diluted Average Shares": 140035203.0,
        "Basic Average Shares": 140035203.0,
        "Diluted EPS": -0.21,
        "Basic EPS": -0.21,
        "Diluted NI Availto Com Stockholders": -29380000.0,
        "Net Income Common Stockholders": -29380000.0,
        "Net Income": -29380000.0,
        "Net Income Including Noncontrolling Interests": -29380000.0,
        "Net Income Continuous Operations": -29380000.0,
        "Tax Provision": 308000.0,
        "Pretax Income": -29072000.0,
        "Other Income Expense": -672000.0,
        "Other Non Operating Income Expenses": -672000.0,
        "Special Income Charges": NaN,
        "Restructuring And Mergern Acquisition": NaN,
        "Net Non Operating Interest Income Expense": 127000.0,
        "Total Other Finance Cost": -127000.0,
        "Operating Income": -28527000.0,
        "Operating Expense": 115827000.0,
        "Research And Development": 23963000.0,
        "Selling General And Administration": 91864000.0,
        "Selling And Marketing Expense": 68421000.0,
        "General And Administrative Expense": 23443000.0,
        "Other Gand A": 23443000.0,
        "Gross Profit": 87300000.0,
        "Cost Of Revenue": 65812000.0,
        "Total Revenue": 153112000.0,
        "Operating Revenue": 153112000.0
    },
    "2022-03-31": {
        "Diluted EPS": -0.18,
        "Total Revenue": 152,
        "Gross Profit": 86,
        "Operating Income": -25,
        "EBIT": -14,
        "Net Income": -26
    },
    "2021-12-31": {
        "Diluted EPS": -0.4,
        "Total Revenue": 135,
        "Gross Profit": 71,
        "Operating Income": -41,
        "EBIT": -30,
        "Net Income": -41
    },
    "2021-09-30": {
        "Diluted EPS": -0.25,
        "Total Revenue": 130,
        "Gross Profit": 72,
        "Operating Income": -10,
        "EBIT": -1,
        "Net Income": -9
    },
    "2021-06-30": {
        "Diluted EPS": -0.31,
        "Total Revenue": 126,
        "Gross Profit": 70,
        "Operating Income": -11,
        "EBIT": -4,
        "Net Income": -11
    },
    "2021-03-31": {
        "Diluted EPS": -0.5,
        "Total Revenue": 125,
        "Gross Profit": 67,
        "Operating Income": -16,
        "EBIT": -10,
        "Net Income": -18
    },
    "2020-12-31": {
        "Diluted EPS": 0.0,
        "Total Revenue": NaN,
        "Gross Profit": NaN,
        "Operating Income": NaN,
        "EBIT": NaN,
        "Net Income": NaN
    },
    "2020-09-30": {
        "Diluted EPS": 0.02,
        "Total Revenue": 118,
        "Gross Profit": 70,
        "Operating Income": 3,
        "EBIT": 3,
        "Net Income": 2
    },
    "2019-12-31": {
        "Diluted EPS": 0.0,
        "Total Revenue": NaN,
        "Gross Profit": NaN,
        "Operating Income": NaN,
        "EBIT": NaN,
        "Net Income": NaN
    },
    "2023-06-30": {
        "Tax Effect Of Unusual Items": -54000.0,
        "Tax Rate For Calcs": 0.4,
        "Normalized EBITDA": -21092000.0,
        "Total Unusual Items": -135000.0,
        "Total Unusual Items Excluding Goodwill": -135000.0,
        "Net Income From Continuing Operation Net Minority Interest": -25735000.0,
        "Reconciled Depreciation": 6100000.0,
        "Reconciled Cost Of Revenue": 75938000.0,
        "EBITDA": -21227000.0,
        "EBIT": -27327000.0,
        "Net Interest Income": 4944000.0,
        "Normalized Income": -25654000.0,
        "Net Income From Continuing And Discontinued Operation": -25735000.0,
        "Total Expenses": 205567000.0,
        "Total Operating Income As Reported": -27462000.0,
        "Diluted Average Shares": 148071315.0,
        "Basic Average Shares": 148071315.0,
        "Diluted EPS": -0.17,
        "Basic EPS": -0.17,
        "Diluted NI Availto Com Stockholders": -25735000.0,
        "Net Income Common Stockholders": -25735000.0,
        "Net Income": -25735000.0,
        "Net Income Including Noncontrolling Interests": -25735000.0,
        "Net Income Continuous Operations": -25735000.0,
        "Tax Provision": 1056000.0,
        "Pretax Income": -24679000.0,
        "Other Income Expense": -2296000.0,
        "Other Non Operating Income Expenses": -2161000.0,
        "Special Income Charges": -135000.0,
        "Restructuring And Mergern Acquisition": 135000.0,
        "Net Non Operating Interest Income Expense": 4944000.0,
        "Total Other Finance Cost": -4944000.0,
        "Operating Income": -27327000.0,
        "Operating Expense": 129629000.0,
        "Research And Development": 29635000.0,
        "Selling General And Administration": 99994000.0,
        "Selling And Marketing Expense": 77371000.0,
        "General And Administrative Expense": 22623000.0,
        "Other Gand A": 22623000.0,
        "Gross Profit": 102302000.0,
        "Cost Of Revenue": 75938000.0,
        "Total Revenue": 178240000.0,
        "Operating Revenue": 178240000.0
    }
}