{
    "2023-03-31": {
        "Tax Effect Of Unusual Items": 0.0,
        "Tax Rate For Calcs": 0.4,
        "Net Income From Continuing Operation Net Minority Interest": 694000.0,
        "Reconciled Depreciation": 2646000.0,
        "EBIT": 796000.0,
        "Net Interest Income": -797000.0,
        "Interest Expense": 797000.0,
        "Interest Income": 14540000.0,
        "Normalized Income": 694000.0,
        "Net Income From Continuing And Discontinued Operation": 694000.0,
        "Total Expenses": 267105000.0,
        "Diluted Average Shares": 25500115.0,
        "Basic Average Shares": 23133333.0,
        "Diluted EPS": 0.03,
        "Basic EPS": 0.03,
        "Diluted NI Availto Com Stockholders": 694000.0,
        "Net Income Common Stockholders": 694000.0,
        "Net Income": 694000.0,
        "Net Income Including Noncontrolling Interests": 694000.0,
        "Net Income Continuous Operations": 694000.0,
        "Tax Provision": -695000.0,
        "Pretax Income": -1000.0,
        "Other Income Expense": NaN,
        "Net Non Operating Interest Income Expense": -797000.0,
        "Interest Expense Non Operating": 797000.0,
        "Total Revenue": 267104000.0,
        "Operating Revenue": 267104000.0
    },
    "2022-12-31": {
        "Tax Effect Of Unusual Items": 0.0,
        "Tax Rate For Calcs": 0.111347,
        "Net Income From Continuing Operation Net Minority Interest": 20120000.0,
        "Reconciled Depreciation": -409000.0,
        "EBIT": 23438000.0,
        "Net Interest Income": -797000.0,
        "Interest Expense": 797000.0,
        "Interest Income": 14052000.0,
        "Normalized Income": 20120000.0,
        "Net Income From Continuing And Discontinued Operation": 20120000.0,
        "Total Expenses": 257522000.0,
        "Diluted Average Shares": 25468354.0,
        "Basic Average Shares": 25210541.0,
        "Diluted EPS": 0.79,
        "Basic EPS": 0.798079,
        "Diluted NI Availto Com Stockholders": 20120000.0,
        "Net Income Common Stockholders": 20120000.0,
        "Net Income": 20120000.0,
        "Net Income Including Noncontrolling Interests": 20120000.0,
        "Net Income Continuous Operations": 20120000.0,
        "Tax Provision": 2521000.0,
        "Pretax Income": 22641000.0,
        "Other Income Expense": -257000.0,
        "Net Non Operating Interest Income Expense": -797000.0,
        "Interest Expense Non Operating": 797000.0,
        "Total Revenue": 280163000.0,
        "Operating Revenue": 280163000.0
    },
    "2022-09-30": {
        "Tax Effect Of Unusual Items": 0.0,
        "Tax Rate For Calcs": 0.264113,
        "Net Income From Continuing Operation Net Minority Interest": -22981000.0,
        "Reconciled Depreciation": 4668000.0,
        "EBIT": -30432000.0,
        "Net Interest Income": -797000.0,
        "Interest Expense": 797000.0,
        "Interest Income": 14117000.0,
        "Normalized Income": -22981000.0,
        "Net Income From Continuing And Discontinued Operation": -22981000.0,
        "Total Expenses": 266802000.0,
        "Diluted Average Shares": 25253846.0,
        "Basic Average Shares": 25191414.0,
        "Diluted EPS": -0.912255,
        "Basic EPS": -0.912255,
        "Diluted NI Availto Com Stockholders": -22981000.0,
        "Net Income Common Stockholders": -22981000.0,
        "Net Income": -22981000.0,
        "Net Income Including Noncontrolling Interests": -22981000.0,
        "Net Income Continuous Operations": -22981000.0,
        "Tax Provision": -8248000.0,
        "Pretax Income": -31229000.0,
        "Other Income Expense": -39000.0,
        "Net Non Operating Interest Income Expense": -797000.0,
        "Interest Expense Non Operating": 797000.0,
        "Total Revenue": 235573000.0,
        "Operating Revenue": 235573000.0
    },
    "2022-06-30": {
        "Tax Effect Of Unusual Items": 0.0,
        "Tax Rate For Calcs": 0.256312,
        "Net Income From Continuing Operation Net Minority Interest": -10457000.0,
        "Reconciled Depreciation": 1743000.0,
        "EBIT": -13264000.0,
        "Net Interest Income": -797000.0,
        "Interest Expense": 797000.0,
        "Interest Income": NaN,
        "Normalized Income": -10457000.0,
        "Net Income From Continuing And Discontinued Operation": -10457000.0,
        "Total Expenses": 233597000.0,
        "Diluted Average Shares": 25148143.0,
        "Basic Average Shares": 24897619.0,
        "Diluted EPS": -0.42,
        "Basic EPS": -0.42,
        "Diluted NI Availto Com Stockholders": -10457000.0,
        "Net Income Common Stockholders": -10457000.0,
        "Net Income": -10457000.0,
        "Net Income Including Noncontrolling Interests": -10457000.0,
        "Net Income Continuous Operations": -10457000.0,
        "Tax Provision": -3604000.0,
        "Pretax Income": -14061000.0,
        "Other Income Expense": 26000.0,
        "Net Non Operating Interest Income Expense": -797000.0,
        "Interest Expense Non Operating": 797000.0,
        "Total Revenue": 219536000.0,
        "Operating Revenue": 219536000.0
    },
    "2022-03-31": {
        "Diluted EPS": 1.12,
        "Total Revenue": 245,
        "Gross Profit": 86,
        "Operating Income": 36,
        "EBIT": 37,
        "Net Income": 28
    },
    "2021-12-31": {
        "Diluted EPS": 2.26,
        "Total Revenue": 273,
        "Gross Profit": 126,
        "Operating Income": 70,
        "EBIT": 72,
        "Net Income": 58
    },
    "2021-09-30": {
        "Diluted EPS": -0.38,
        "Total Revenue": 249,
        "Gross Profit": 38,
        "Operating Income": -14,
        "EBIT": -12,
        "Net Income": -10
    },
    "2021-06-30": {
        "Diluted EPS": 0.54,
        "Total Revenue": 244,
        "Gross Profit": 64,
        "Operating Income": 18,
        "EBIT": 19,
        "Net Income": 14
    },
    "2021-03-31": {
        "Diluted EPS": 0.74,
        "Total Revenue": 301,
        "Gross Profit": 76,
        "Operating Income": 23,
        "EBIT": 24,
        "Net Income": 19
    },
    "2020-12-31": {
        "Diluted EPS": -0.35,
        "Total Revenue": 311,
        "Gross Profit": 38,
        "Operating Income": -14,
        "EBIT": -12,
        "Net Income": -9
    },
    "2020-09-30": {
        "Diluted EPS": -1.49,
        "Total Revenue": 282,
        "Gross Profit": 12,
        "Operating Income": -55,
        "EBIT": -54,
        "Net Income": -37
    },
    "2020-06-30": {
        "Diluted EPS": 0.24,
        "Total Revenue": 298,
        "Gross Profit": 56,
        "Operating Income": 4,
        "EBIT": 6,
        "Net Income": 6
    },
    "2020-03-31": {
        "Diluted EPS": -2.9,
        "Total Revenue": 178,
        "Gross Profit": -51,
        "Operating Income": -105,
        "EBIT": -103,
        "Net Income": -73
    },
    "2019-12-31": {
        "Diluted EPS": -0.9,
        "Total Revenue": 293,
        "Gross Profit": 26,
        "Operating Income": -29,
        "EBIT": -22,
        "Net Income": -23
    },
    "2019-09-30": {
        "Diluted EPS": -0.09,
        "Total Revenue": 298,
        "Gross Profit": 50,
        "Operating Income": -5,
        "EBIT": -3,
        "Net Income": -2
    },
    "2019-06-30": {
        "Diluted EPS": -0.17,
        "Total Revenue": 304,
        "Gross Profit": 50,
        "Operating Income": -5,
        "EBIT": -3,
        "Net Income": -4
    },
    "2019-03-31": {
        "Diluted EPS": 1.74,
        "Total Revenue": 306,
        "Gross Profit": 107,
        "Operating Income": 55,
        "EBIT": 56,
        "Net Income": 45
    },
    "2018-12-31": {
        "Diluted EPS": -1.16,
        "Total Revenue": 252,
        "Gross Profit": 13,
        "Operating Income": -42,
        "EBIT": -40,
        "Net Income": -29
    },
    "2018-09-30": {
        "Diluted EPS": 0.43,
        "Total Revenue": 292,
        "Gross Profit": 64,
        "Operating Income": 13,
        "EBIT": 14,
        "Net Income": 11
    },
    "2018-06-30": {
        "Diluted EPS": 0.01,
        "Total Revenue": 275,
        "Gross Profit": 49,
        "Operating Income": -2,
        "EBIT": -1,
        "Net Income": 0
    },
    "2018-03-31": {
        "Diluted EPS": 1.8,
        "Total Revenue": 251,
        "Gross Profit": 71,
        "Operating Income": 22,
        "EBIT": 23,
        "Net Income": 46
    },
    "2017-12-31": {
        "Diluted EPS": 1.82,
        "Total Revenue": 273,
        "Gross Profit": 82,
        "Operating Income": 29,
        "EBIT": 30,
        "Net Income": 46
    },
    "2017-09-30": {
        "Diluted EPS": -0.72,
        "Total Revenue": 270,
        "Gross Profit": 21,
        "Operating Income": -32,
        "EBIT": -31,
        "Net Income": -18
    },
    "2017-06-30": {
        "Diluted EPS": 0.12,
        "Total Revenue": 258,
        "Gross Profit": 47,
        "Operating Income": -4,
        "EBIT": -3,
        "Net Income": 3
    },
    "2017-03-31": {
        "Diluted EPS": 0.77,
        "Total Revenue": 251,
        "Gross Profit": 73,
        "Operating Income": 23,
        "EBIT": 24,
        "Net Income": 20
    },
    "2016-12-31": {
        "Diluted EPS": 0.45,
        "Total Revenue": 195,
        "Gross Profit": 51,
        "Operating Income": 14,
        "EBIT": 15,
        "Net Income": 12
    },
    "2016-09-30": {
        "Diluted EPS": 0.48,
        "Total Revenue": 256,
        "Gross Profit": 66,
        "Operating Income": 14,
        "EBIT": 16,
        "Net Income": 12
    },
    "2016-06-30": {
        "Diluted EPS": 0.12,
        "Total Revenue": 280,
        "Gross Profit": 53,
        "Operating Income": 1,
        "EBIT": 2,
        "Net Income": 3
    },
    "2016-03-31": {
        "Diluted EPS": 0.88,
        "Total Revenue": 266,
        "Gross Profit": 79,
        "Operating Income": 29,
        "EBIT": 30,
        "Net Income": 22
    },
    "2015-12-31": {
        "Diluted EPS": 1.23,
        "Total Revenue": 140,
        "Gross Profit": 64,
        "Operating Income": 37,
        "EBIT": 36,
        "Net Income": 31
    },
    "2015-09-30": {
        "Diluted EPS": 0.77,
        "Total Revenue": 265,
        "Gross Profit": 76,
        "Operating Income": 27,
        "EBIT": 31,
        "Net Income": 20
    },
    "2015-06-30": {
        "Diluted EPS": 0.59,
        "Total Revenue": 256,
        "Gross Profit": 64,
        "Operating Income": 20,
        "EBIT": 21,
        "Net Income": 15
    },
    "2015-03-31": {
        "Diluted EPS": 0.94,
        "Total Revenue": 238,
        "Gross Profit": 74,
        "Operating Income": 32,
        "EBIT": 33,
        "Net Income": 24
    },
    "2014-12-31": {
        "Diluted EPS": 1.37,
        "Total Revenue": 250,
        "Gross Profit": 93,
        "Operating Income": 50,
        "EBIT": 52,
        "Net Income": 35
    },
    "2014-09-30": {
        "Diluted EPS": 0.01,
        "Total Revenue": 236,
        "Gross Profit": 42,
        "Operating Income": -3,
        "EBIT": -1,
        "Net Income": 0
    },
    "2014-06-30": {
        "Diluted EPS": 0.42,
        "Total Revenue": 233,
        "Gross Profit": 53,
        "Operating Income": 13,
        "EBIT": 15,
        "Net Income": 11
    },
    "2014-03-31": {
        "Diluted EPS": 0.52,
        "Total Revenue": 223,
        "Gross Profit": 55,
        "Operating Income": 16,
        "EBIT": 18,
        "Net Income": 13
    },
    "2013-12-31": {
        "Diluted EPS": 1.04,
        "Total Revenue": 229,
        "Gross Profit": 77,
        "Operating Income": 37,
        "EBIT": 39,
        "Net Income": 27
    },
    "2013-09-30": {
        "Diluted EPS": 0.45,
        "Total Revenue": 223,
        "Gross Profit": 53,
        "Operating Income": 14,
        "EBIT": 16,
        "Net Income": 12
    },
    "2013-06-30": {
        "Diluted EPS": 0.61,
        "Total Revenue": 220,
        "Gross Profit": 57,
        "Operating Income": 20,
        "EBIT": 21,
        "Net Income": 15
    },
    "2013-03-31": {
        "Diluted EPS": 0.88,
        "Total Revenue": 205,
        "Gross Profit": 68,
        "Operating Income": 30,
        "EBIT": 32,
        "Net Income": 22
    },
    "2012-12-31": {
        "Diluted EPS": -0.09,
        "Total Revenue": 213,
        "Gross Profit": 29,
        "Operating Income": -8,
        "EBIT": -6,
        "Net Income": -2
    },
    "2012-09-30": {
        "Diluted EPS": 0.34,
        "Total Revenue": 207,
        "Gross Profit": 46,
        "Operating Income": 10,
        "EBIT": 12,
        "Net Income": 9
    },
    "2012-06-30": {
        "Diluted EPS": 0.58,
        "Total Revenue": 200,
        "Gross Profit": 53,
        "Operating Income": 19,
        "EBIT": 21,
        "Net Income": 15
    },
    "2012-03-31": {
        "Diluted EPS": 0.75,
        "Total Revenue": 194,
        "Gross Profit": 59,
        "Operating Income": 25,
        "EBIT": 27,
        "Net Income": 19
    },
    "2011-12-31": {
        "Diluted EPS": 0.66,
        "Total Revenue": 192,
        "Gross Profit": 62,
        "Operating Income": 22,
        "EBIT": 25,
        "Net Income": 17
    },
    "2011-09-30": {
        "Diluted EPS": -0.19,
        "Total Revenue": 188,
        "Gross Profit": 33,
        "Operating Income": -10,
        "EBIT": -10,
        "Net Income": -5
    },
    "2011-06-30": {
        "Diluted EPS": -0.69,
        "Total Revenue": 182,
        "Gross Profit": 13,
        "Operating Income": -31,
        "EBIT": -30,
        "Net Income": -18
    },
    "2011-03-31": {
        "Diluted EPS": 0.22,
        "Total Revenue": 144,
        "Gross Profit": 33,
        "Operating Income": 7,
        "EBIT": 8,
        "Net Income": 6
    },
    "2010-12-31": {
        "Diluted EPS": 0.44,
        "Total Revenue": 150,
        "Gross Profit": 45,
        "Operating Income": 15,
        "EBIT": 15,
        "Net Income": 12
    },
    "2010-09-30": {
        "Diluted EPS": 0.11,
        "Total Revenue": 148,
        "Gross Profit": 30,
        "Operating Income": 1,
        "EBIT": 2,
        "Net Income": 3
    },
    "2010-06-30": {
        "Diluted EPS": 0.53,
        "Total Revenue": 148,
        "Gross Profit": 46,
        "Operating Income": 18,
        "EBIT": 19,
        "Net Income": 14
    },
    "2010-03-31": {
        "Diluted EPS": 0.72,
        "Total Revenue": 145,
        "Gross Profit": 50,
        "Operating Income": 24,
        "EBIT": 25,
        "Net Income": 19
    },
    "2009-12-31": {
        "Diluted EPS": 0.07,
        "Total Revenue": 149,
        "Gross Profit": 26,
        "Operating Income": -2,
        "EBIT": -1,
        "Net Income": 2
    },
    "2009-09-30": {
        "Diluted EPS": -0.38,
        "Total Revenue": 151,
        "Gross Profit": 10,
        "Operating Income": -19,
        "EBIT": -18,
        "Net Income": -10
    },
    "2009-06-30": {
        "Diluted EPS": -0.2,
        "Total Revenue": 134,
        "Gross Profit": 17,
        "Operating Income": -11,
        "EBIT": -10,
        "Net Income": -5
    },
    "2009-03-31": {
        "Diluted EPS": 0.12,
        "Total Revenue": 138,
        "Gross Profit": 31,
        "Operating Income": 1,
        "EBIT": 2,
        "Net Income": 3
    }
}