{
    "2023-03-31": {
        "Tax Effect Of Unusual Items": NaN,
        "Tax Rate For Calcs": NaN,
        "Normalized EBITDA": NaN,
        "Total Unusual Items": 0.0,
        "Total Unusual Items Excluding Goodwill": 0.0,
        "Net Income From Continuing Operation Net Minority Interest": NaN,
        "Reconciled Depreciation": NaN,
        "Reconciled Cost Of Revenue": NaN,
        "EBITDA": NaN,
        "EBIT": NaN,
        "Net Interest Income": NaN,
        "Interest Expense": NaN,
        "Interest Income": NaN,
        "Normalized Income": NaN,
        "Net Income From Continuing And Discontinued Operation": NaN,
        "Total Expenses": NaN,
        "Total Operating Income As Reported": NaN,
        "Diluted Average Shares": 18052000.0,
        "Basic Average Shares": 18052000.0,
        "Diluted EPS": -0.29,
        "Basic EPS": -0.29,
        "Diluted NI Availto Com Stockholders": NaN,
        "Net Income Common Stockholders": NaN,
        "Net Income": NaN,
        "Net Income Including Noncontrolling Interests": NaN,
        "Net Income Continuous Operations": NaN,
        "Tax Provision": NaN,
        "Pretax Income": NaN,
        "Other Income Expense": NaN,
        "Special Income Charges": 0.0,
        "Restructuring And Mergern Acquisition": 0.0,
        "Earnings From Equity Interest": NaN,
        "Net Non Operating Interest Income Expense": NaN,
        "Interest Expense Non Operating": NaN,
        "Interest Income Non Operating": NaN,
        "Operating Income": NaN,
        "Operating Expense": NaN,
        "Other Operating Expenses": NaN,
        "Other Taxes": 0.0,
        "Provision For Doubtful Accounts": NaN,
        "Selling General And Administration": NaN,
        "Gross Profit": NaN,
        "Cost Of Revenue": NaN,
        "Total Revenue": NaN,
        "Operating Revenue": NaN
    },
    "2022-12-31": {
        "Tax Effect Of Unusual Items": NaN,
        "Tax Rate For Calcs": NaN,
        "Normalized EBITDA": NaN,
        "Total Unusual Items": 0.0,
        "Total Unusual Items Excluding Goodwill": 0.0,
        "Net Income From Continuing Operation Net Minority Interest": NaN,
        "Reconciled Depreciation": NaN,
        "Reconciled Cost Of Revenue": NaN,
        "EBITDA": NaN,
        "EBIT": NaN,
        "Net Interest Income": NaN,
        "Interest Expense": NaN,
        "Interest Income": NaN,
        "Normalized Income": NaN,
        "Net Income From Continuing And Discontinued Operation": NaN,
        "Total Expenses": NaN,
        "Total Operating Income As Reported": NaN,
        "Diluted Average Shares": NaN,
        "Basic Average Shares": NaN,
        "Diluted EPS": NaN,
        "Basic EPS": NaN,
        "Diluted NI Availto Com Stockholders": NaN,
        "Net Income Common Stockholders": NaN,
        "Net Income": NaN,
        "Net Income Including Noncontrolling Interests": NaN,
        "Net Income Continuous Operations": NaN,
        "Tax Provision": NaN,
        "Pretax Income": NaN,
        "Other Income Expense": NaN,
        "Special Income Charges": 0.0,
        "Write Off": -156000.0,
        "Restructuring And Mergern Acquisition": 0.0,
        "Earnings From Equity Interest": NaN,
        "Net Non Operating Interest Income Expense": NaN,
        "Interest Expense Non Operating": NaN,
        "Interest Income Non Operating": NaN,
        "Operating Income": NaN,
        "Operating Expense": NaN,
        "Other Operating Expenses": NaN,
        "Other Taxes": NaN,
        "Provision For Doubtful Accounts": NaN,
        "Selling General And Administration": NaN,
        "Gross Profit": NaN,
        "Cost Of Revenue": NaN,
        "Total Revenue": NaN,
        "Operating Revenue": NaN
    },
    "2022-09-30": {
        "Tax Effect Of Unusual Items": NaN,
        "Tax Rate For Calcs": NaN,
        "Normalized EBITDA": NaN,
        "Total Unusual Items": -174000.0,
        "Total Unusual Items Excluding Goodwill": -174000.0,
        "Net Income From Continuing Operation Net Minority Interest": NaN,
        "Reconciled Depreciation": NaN,
        "Reconciled Cost Of Revenue": NaN,
        "EBITDA": NaN,
        "EBIT": NaN,
        "Net Interest Income": NaN,
        "Interest Expense": NaN,
        "Interest Income": NaN,
        "Normalized Income": NaN,
        "Net Income From Continuing And Discontinued Operation": NaN,
        "Total Expenses": NaN,
        "Total Operating Income As Reported": NaN,
        "Diluted Average Shares": NaN,
        "Basic Average Shares": NaN,
        "Diluted EPS": NaN,
        "Basic EPS": NaN,
        "Diluted NI Availto Com Stockholders": NaN,
        "Net Income Common Stockholders": NaN,
        "Net Income": NaN,
        "Net Income Including Noncontrolling Interests": NaN,
        "Net Income Continuous Operations": NaN,
        "Tax Provision": NaN,
        "Pretax Income": NaN,
        "Other Income Expense": NaN,
        "Special Income Charges": -174000.0,
        "Write Off": 174000.0,
        "Restructuring And Mergern Acquisition": NaN,
        "Earnings From Equity Interest": NaN,
        "Net Non Operating Interest Income Expense": NaN,
        "Interest Expense Non Operating": NaN,
        "Interest Income Non Operating": NaN,
        "Operating Income": NaN,
        "Operating Expense": NaN,
        "Other Operating Expenses": NaN,
        "Other Taxes": NaN,
        "Provision For Doubtful Accounts": NaN,
        "Selling General And Administration": NaN,
        "Gross Profit": NaN,
        "Cost Of Revenue": NaN,
        "Total Revenue": NaN,
        "Operating Revenue": NaN
    },
    "2022-06-30": {
        "Tax Effect Of Unusual Items": 0.0,
        "Tax Rate For Calcs": 0.280214,
        "Normalized EBITDA": 12833000.0,
        "Total Unusual Items": -44000.0,
        "Total Unusual Items Excluding Goodwill": -44000.0,
        "Net Income From Continuing Operation Net Minority Interest": 3496000.0,
        "Reconciled Depreciation": 7031000.0,
        "Reconciled Cost Of Revenue": 199222000.0,
        "EBITDA": 12833000.0,
        "EBIT": 5802000.0,
        "Net Interest Income": -365000.0,
        "Interest Expense": 945000.0,
        "Interest Income": 580000.0,
        "Normalized Income": 3496000.0,
        "Net Income From Continuing And Discontinued Operation": 3496000.0,
        "Total Expenses": 212574000.0,
        "Total Operating Income As Reported": 5002000.0,
        "Diluted Average Shares": 18550000.0,
        "Basic Average Shares": 18216000.0,
        "Diluted EPS": 0.19,
        "Basic EPS": 0.19,
        "Diluted NI Availto Com Stockholders": 3496000.0,
        "Net Income Common Stockholders": 3496000.0,
        "Net Income": 3496000.0,
        "Net Income Including Noncontrolling Interests": 3496000.0,
        "Net Income Continuous Operations": 3496000.0,
        "Tax Provision": 1361000.0,
        "Pretax Income": 4857000.0,
        "Other Income Expense": 220000.0,
        "Special Income Charges": -44000.0,
        "Write Off": 44000.0,
        "Earnings From Equity Interest": 220000.0,
        "Net Non Operating Interest Income Expense": -365000.0,
        "Interest Expense Non Operating": 945000.0,
        "Interest Income Non Operating": 580000.0,
        "Operating Income": 5002000.0,
        "Operating Expense": 13352000.0,
        "Other Operating Expenses": -156000.0,
        "Other Taxes": 0.0,
        "Provision For Doubtful Accounts": 44000.0,
        "Selling General And Administration": 13464000.0,
        "Gross Profit": 18354000.0,
        "Cost Of Revenue": 199222000.0,
        "Total Revenue": 217576000.0,
        "Operating Revenue": 217576000.0
    },
    "2022-03-31": {
        "Diluted EPS": 0.11,
        "Total Revenue": 201,
        "Gross Profit": 19,
        "Operating Income": 6,
        "EBIT": 12,
        "Net Income": 2
    },
    "2021-12-31": {
        "Diluted EPS": 0.05,
        "Total Revenue": 201,
        "Gross Profit": 17,
        "Operating Income": 5,
        "EBIT": 11,
        "Net Income": 1
    },
    "2021-09-30": {
        "Diluted EPS": 0.46,
        "Total Revenue": 196,
        "Gross Profit": 26,
        "Operating Income": 13,
        "EBIT": 20,
        "Net Income": 9
    },
    "2021-06-30": {
        "Diluted EPS": 0.71,
        "Total Revenue": 184,
        "Gross Profit": 27,
        "Operating Income": 14,
        "EBIT": 21,
        "Net Income": 13
    },
    "2021-03-31": {
        "Diluted EPS": 0.25,
        "Total Revenue": 179,
        "Gross Profit": 26,
        "Operating Income": 9,
        "EBIT": 15,
        "Net Income": 5
    },
    "2020-12-31": {
        "Diluted EPS": 0.4,
        "Total Revenue": 163,
        "Gross Profit": 26,
        "Operating Income": 13,
        "EBIT": 19,
        "Net Income": 7
    },
    "2020-09-30": {
        "Diluted EPS": 0.18,
        "Total Revenue": 142,
        "Gross Profit": 15,
        "Operating Income": 3,
        "EBIT": 9,
        "Net Income": 3
    },
    "2020-06-30": {
        "Diluted EPS": -1.09,
        "Total Revenue": 86,
        "Gross Profit": -9,
        "Operating Income": -21,
        "EBIT": -15,
        "Net Income": -20
    },
    "2020-03-31": {
        "Diluted EPS": -2.23,
        "Total Revenue": 171,
        "Gross Profit": 15,
        "Operating Income": 3,
        "EBIT": 9,
        "Net Income": -41
    },
    "2019-12-31": {
        "Diluted EPS": 0.02,
        "Total Revenue": 170,
        "Gross Profit": 16,
        "Operating Income": 3,
        "EBIT": 8,
        "Net Income": 0
    },
    "2019-09-30": {
        "Diluted EPS": 0.2,
        "Total Revenue": 180,
        "Gross Profit": 17,
        "Operating Income": 6,
        "EBIT": 12,
        "Net Income": 4
    },
    "2019-06-30": {
        "Diluted EPS": 0.05,
        "Total Revenue": 179,
        "Gross Profit": 18,
        "Operating Income": 5,
        "EBIT": 11,
        "Net Income": 1
    },
    "2019-03-31": {
        "Diluted EPS": -0.08,
        "Total Revenue": 180,
        "Gross Profit": 14,
        "Operating Income": 1,
        "EBIT": 6,
        "Net Income": -2
    },
    "2018-12-31": {
        "Diluted EPS": 0.06,
        "Total Revenue": 168,
        "Gross Profit": 14,
        "Operating Income": -1,
        "EBIT": 5,
        "Net Income": 1
    },
    "2018-09-30": {
        "Diluted EPS": 0.1,
        "Total Revenue": 182,
        "Gross Profit": 20,
        "Operating Income": 6,
        "EBIT": 12,
        "Net Income": 2
    },
    "2018-06-30": {
        "Diluted EPS": 0.58,
        "Total Revenue": 181,
        "Gross Profit": 24,
        "Operating Income": 9,
        "EBIT": 15,
        "Net Income": 11
    },
    "2018-03-31": {
        "Diluted EPS": 0.01,
        "Total Revenue": 166,
        "Gross Profit": 17,
        "Operating Income": 2,
        "EBIT": 7,
        "Net Income": 0
    },
    "2017-12-31": {
        "Diluted EPS": 0.63,
        "Total Revenue": 167,
        "Gross Profit": 23,
        "Operating Income": 8,
        "EBIT": 13,
        "Net Income": 12
    },
    "2017-09-30": {
        "Diluted EPS": 0.48,
        "Total Revenue": 164,
        "Gross Profit": 23,
        "Operating Income": 10,
        "EBIT": 16,
        "Net Income": 9
    },
    "2017-06-30": {
        "Diluted EPS": 0.52,
        "Total Revenue": 171,
        "Gross Profit": 27,
        "Operating Income": 13,
        "EBIT": 19,
        "Net Income": 10
    },
    "2017-03-31": {
        "Diluted EPS": 0.5,
        "Total Revenue": 161,
        "Gross Profit": 21,
        "Operating Income": 9,
        "EBIT": 14,
        "Net Income": 9
    },
    "2016-12-31": {
        "Diluted EPS": 0.25,
        "Total Revenue": 155,
        "Gross Profit": 22,
        "Operating Income": 9,
        "EBIT": 14,
        "Net Income": 5
    },
    "2016-09-30": {
        "Diluted EPS": 0.51,
        "Total Revenue": 160,
        "Gross Profit": 24,
        "Operating Income": 13,
        "EBIT": 17,
        "Net Income": 9
    },
    "2016-06-30": {
        "Diluted EPS": 0.56,
        "Total Revenue": 164,
        "Gross Profit": 27,
        "Operating Income": 14,
        "EBIT": 18,
        "Net Income": 10
    },
    "2016-03-31": {
        "Diluted EPS": 0.53,
        "Total Revenue": 161,
        "Gross Profit": 23,
        "Operating Income": 10,
        "EBIT": 14,
        "Net Income": 10
    },
    "2015-12-31": {
        "Diluted EPS": 0.35,
        "Total Revenue": 156,
        "Gross Profit": 22,
        "Operating Income": 9,
        "EBIT": 13,
        "Net Income": 6
    },
    "2015-09-30": {
        "Diluted EPS": 0.43,
        "Total Revenue": 162,
        "Gross Profit": 21,
        "Operating Income": 10,
        "EBIT": 14,
        "Net Income": 8
    },
    "2015-06-30": {
        "Diluted EPS": 0.84,
        "Total Revenue": 175,
        "Gross Profit": 25,
        "Operating Income": 12,
        "EBIT": 17,
        "Net Income": 16
    },
    "2015-03-31": {
        "Diluted EPS": 0.53,
        "Total Revenue": 172,
        "Gross Profit": 22,
        "Operating Income": 9,
        "EBIT": 13,
        "Net Income": 10
    },
    "2014-12-31": {
        "Diluted EPS": 0.5,
        "Total Revenue": 164,
        "Gross Profit": 23,
        "Operating Income": 10,
        "EBIT": 14,
        "Net Income": 9
    },
    "2014-09-30": {
        "Diluted EPS": 0.37,
        "Total Revenue": 176,
        "Gross Profit": 20,
        "Operating Income": 8,
        "EBIT": 12,
        "Net Income": 7
    },
    "2014-06-30": {
        "Diluted EPS": 0.47,
        "Total Revenue": 182,
        "Gross Profit": 25,
        "Operating Income": 11,
        "EBIT": 16,
        "Net Income": 9
    },
    "2014-03-31": {
        "Diluted EPS": 0.24,
        "Total Revenue": 177,
        "Gross Profit": 20,
        "Operating Income": 6,
        "EBIT": 11,
        "Net Income": 5
    },
    "2013-12-31": {
        "Diluted EPS": 0.32,
        "Total Revenue": 161,
        "Gross Profit": 18,
        "Operating Income": 6,
        "EBIT": 10,
        "Net Income": 6
    },
    "2013-09-30": {
        "Diluted EPS": 0.44,
        "Total Revenue": 169,
        "Gross Profit": 20,
        "Operating Income": 8,
        "EBIT": 13,
        "Net Income": 9
    },
    "2013-06-30": {
        "Diluted EPS": 0.5,
        "Total Revenue": 201,
        "Gross Profit": 26,
        "Operating Income": 11,
        "EBIT": 16,
        "Net Income": 11
    },
    "2013-03-31": {
        "Diluted EPS": 0.07,
        "Total Revenue": 168,
        "Gross Profit": 13,
        "Operating Income": 1,
        "EBIT": 7,
        "Net Income": 1
    },
    "2012-12-31": {
        "Diluted EPS": 0.12,
        "Total Revenue": 172,
        "Gross Profit": 17,
        "Operating Income": 5,
        "EBIT": 11,
        "Net Income": 2
    },
    "2012-09-30": {
        "Diluted EPS": 0.11,
        "Total Revenue": 173,
        "Gross Profit": 18,
        "Operating Income": 6,
        "EBIT": 13,
        "Net Income": 2
    },
    "2012-06-30": {
        "Diluted EPS": 0.56,
        "Total Revenue": 188,
        "Gross Profit": 18,
        "Operating Income": 6,
        "EBIT": 13,
        "Net Income": 11
    },
    "2012-03-31": {
        "Diluted EPS": 0.37,
        "Total Revenue": 179,
        "Gross Profit": 14,
        "Operating Income": 2,
        "EBIT": 9,
        "Net Income": 8
    },
    "2011-12-31": {
        "Diluted EPS": -0.38,
        "Total Revenue": 167,
        "Gross Profit": 11,
        "Operating Income": -1,
        "EBIT": 6,
        "Net Income": -8
    },
    "2011-09-30": {
        "Diluted EPS": 0.01,
        "Total Revenue": 171,
        "Gross Profit": 12,
        "Operating Income": 1,
        "EBIT": 8,
        "Net Income": 0
    },
    "2011-06-30": {
        "Diluted EPS": 0.66,
        "Total Revenue": 196,
        "Gross Profit": 18,
        "Operating Income": 8,
        "EBIT": 13,
        "Net Income": 14
    },
    "2011-03-31": {
        "Diluted EPS": -0.2,
        "Total Revenue": 179,
        "Gross Profit": 16,
        "Operating Income": 5,
        "EBIT": 11,
        "Net Income": -4
    },
    "2010-12-31": {
        "Diluted EPS": 0.26,
        "Total Revenue": 162,
        "Gross Profit": 19,
        "Operating Income": 7,
        "EBIT": 14,
        "Net Income": 5
    },
    "2010-09-30": {
        "Diluted EPS": 0.5,
        "Total Revenue": 175,
        "Gross Profit": 22,
        "Operating Income": 9,
        "EBIT": 16,
        "Net Income": 10
    },
    "2010-06-30": {
        "Diluted EPS": 0.27,
        "Total Revenue": 183,
        "Gross Profit": 20,
        "Operating Income": 6,
        "EBIT": 13,
        "Net Income": 5
    },
    "2010-03-31": {
        "Diluted EPS": 0.04,
        "Total Revenue": 155,
        "Gross Profit": 17,
        "Operating Income": 5,
        "EBIT": 12,
        "Net Income": 1
    },
    "2009-12-31": {
        "Diluted EPS": 0.09,
        "Total Revenue": 142,
        "Gross Profit": 17,
        "Operating Income": 6,
        "EBIT": 13,
        "Net Income": 2
    },
    "2009-09-30": {
        "Diluted EPS": 0.12,
        "Total Revenue": 143,
        "Gross Profit": 19,
        "Operating Income": 8,
        "EBIT": 15,
        "Net Income": 2
    },
    "2009-06-30": {
        "Diluted EPS": -0.31,
        "Total Revenue": 145,
        "Gross Profit": 14,
        "Operating Income": 1,
        "EBIT": 9,
        "Net Income": -6
    },
    "2009-03-31": {
        "Diluted EPS": -1.59,
        "Total Revenue": 119,
        "Gross Profit": 0,
        "Operating Income": -29,
        "EBIT": -21,
        "Net Income": -33
    },
    "2023-06-30": {
        "Tax Effect Of Unusual Items": 0.0,
        "Tax Rate For Calcs": 0.21,
        "Normalized EBITDA": -6031000.0,
        "Total Unusual Items": NaN,
        "Total Unusual Items Excluding Goodwill": NaN,
        "Net Income From Continuing Operation Net Minority Interest": -15289000.0,
        "Reconciled Depreciation": 6798000.0,
        "Reconciled Cost Of Revenue": 145033000.0,
        "EBITDA": -6031000.0,
        "EBIT": -12829000.0,
        "Net Interest Income": -1874000.0,
        "Interest Expense": 2368000.0,
        "Interest Income": 494000.0,
        "Normalized Income": -15289000.0,
        "Net Income From Continuing And Discontinued Operation": -15289000.0,
        "Total Expenses": 156694000.0,
        "Total Operating Income As Reported": -13680000.0,
        "Diluted Average Shares": 18061000.0,
        "Basic Average Shares": 18061000.0,
        "Diluted EPS": -0.85,
        "Basic EPS": -0.85,
        "Diluted NI Availto Com Stockholders": -15289000.0,
        "Net Income Common Stockholders": -15289000.0,
        "Net Income": -15289000.0,
        "Net Income Including Noncontrolling Interests": -15289000.0,
        "Net Income Continuous Operations": -15289000.0,
        "Tax Provision": 92000.0,
        "Pretax Income": -15197000.0,
        "Other Income Expense": -7687000.0,
        "Special Income Charges": NaN,
        "Restructuring And Mergern Acquisition": NaN,
        "Earnings From Equity Interest": 357000.0,
        "Net Non Operating Interest Income Expense": -1874000.0,
        "Interest Expense Non Operating": 2368000.0,
        "Interest Income Non Operating": 494000.0,
        "Operating Income": -5636000.0,
        "Operating Expense": 11661000.0,
        "Other Operating Expenses": -49000.0,
        "Other Taxes": 0.0,
        "Provision For Doubtful Accounts": -51000.0,
        "Selling General And Administration": 11761000.0,
        "Gross Profit": 6025000.0,
        "Cost Of Revenue": 145033000.0,
        "Total Revenue": 151058000.0,
        "Operating Revenue": 151058000.0
    },
    "2023-09-30": {
        "Tax Effect Of Unusual Items": 0.0,
        "Tax Rate For Calcs": 0.034,
        "Normalized EBITDA": -4222000.0,
        "Total Unusual Items": NaN,
        "Total Unusual Items Excluding Goodwill": NaN,
        "Net Income From Continuing Operation Net Minority Interest": -13270000.0,
        "Reconciled Depreciation": 7026000.0,
        "Reconciled Cost Of Revenue": 139419000.0,
        "EBITDA": -4222000.0,
        "EBIT": -11248000.0,
        "Net Interest Income": -1904000.0,
        "Interest Expense": 2485000.0,
        "Interest Income": 581000.0,
        "Normalized Income": -13270000.0,
        "Net Income From Continuing And Discontinued Operation": -13270000.0,
        "Total Expenses": 150873000.0,
        "Total Operating Income As Reported": -12029000.0,
        "Diluted Average Shares": 18084000.0,
        "Basic Average Shares": 18084000.0,
        "Diluted EPS": -0.73,
        "Basic EPS": -0.73,
        "Diluted NI Availto Com Stockholders": -13270000.0,
        "Net Income Common Stockholders": -13270000.0,
        "Net Income": -13270000.0,
        "Net Income Including Noncontrolling Interests": -13270000.0,
        "Net Income Continuous Operations": -13270000.0,
        "Tax Provision": -463000.0,
        "Pretax Income": -13733000.0,
        "Other Income Expense": 200000.0,
        "Special Income Charges": NaN,
        "Restructuring And Mergern Acquisition": NaN,
        "Earnings From Equity Interest": 200000.0,
        "Net Non Operating Interest Income Expense": -1904000.0,
        "Interest Expense Non Operating": 2485000.0,
        "Interest Income Non Operating": 581000.0,
        "Operating Income": -12029000.0,
        "Operating Expense": 11454000.0,
        "Other Operating Expenses": 54000.0,
        "Other Taxes": NaN,
        "Provision For Doubtful Accounts": -209000.0,
        "Selling General And Administration": 11609000.0,
        "Gross Profit": -575000.0,
        "Cost Of Revenue": 139419000.0,
        "Total Revenue": 138844000.0,
        "Operating Revenue": 138844000.0
    },
    "2023-12-31": {
        "Tax Effect Of Unusual Items": -1071210.0,
        "Tax Rate For Calcs": 0.21,
        "Normalized EBITDA": -4790000.0,
        "Total Unusual Items": -5101000.0,
        "Total Unusual Items Excluding Goodwill": -5101000.0,
        "Net Income From Continuing Operation Net Minority Interest": -19846000.0,
        "Reconciled Depreciation": 6962000.0,
        "Reconciled Cost Of Revenue": 135281000.0,
        "EBITDA": -9891000.0,
        "EBIT": -16853000.0,
        "Net Interest Income": -1916000.0,
        "Interest Expense": 2613000.0,
        "Interest Income": 697000.0,
        "Normalized Income": -15816210.0,
        "Net Income From Continuing And Discontinued Operation": -19846000.0,
        "Total Expenses": 149459000.0,
        "Total Operating Income As Reported": -17643000.0,
        "Diluted Average Shares": 18110000.0,
        "Basic Average Shares": 18110000.0,
        "Diluted EPS": -1.1,
        "Basic EPS": -1.1,
        "Diluted NI Availto Com Stockholders": -19846000.0,
        "Net Income Common Stockholders": -19846000.0,
        "Net Income": -19846000.0,
        "Net Income Including Noncontrolling Interests": -19846000.0,
        "Net Income Continuous Operations": -19846000.0,
        "Tax Provision": 380000.0,
        "Pretax Income": -19466000.0,
        "Other Income Expense": -5008000.0,
        "Special Income Charges": -5101000.0,
        "Restructuring And Mergern Acquisition": 5101000.0,
        "Earnings From Equity Interest": 93000.0,
        "Net Non Operating Interest Income Expense": -1916000.0,
        "Interest Expense Non Operating": 2613000.0,
        "Interest Income Non Operating": 697000.0,
        "Operating Income": -12542000.0,
        "Operating Expense": 14178000.0,
        "Other Operating Expenses": 481000.0,
        "Other Taxes": NaN,
        "Provision For Doubtful Accounts": 1289000.0,
        "Selling General And Administration": 12408000.0,
        "Gross Profit": 1636000.0,
        "Cost Of Revenue": 135281000.0,
        "Total Revenue": 136917000.0,
        "Operating Revenue": 136917000.0
    },
    "2024-03-31": {
        "Tax Effect Of Unusual Items": 0.0,
        "Tax Rate For Calcs": 0.21,
        "Normalized EBITDA": -306000.0,
        "Total Unusual Items": 0.0,
        "Total Unusual Items Excluding Goodwill": 0.0,
        "Net Income From Continuing Operation Net Minority Interest": -10295000.0,
        "Reconciled Depreciation": 6792000.0,
        "Reconciled Cost Of Revenue": 144232000.0,
        "EBITDA": -306000.0,
        "EBIT": -7098000.0,
        "Net Interest Income": -1975000.0,
        "Interest Expense": 2407000.0,
        "Interest Income": 432000.0,
        "Normalized Income": -10295000.0,
        "Net Income From Continuing And Discontinued Operation": -10295000.0,
        "Total Expenses": 155922000.0,
        "Total Operating Income As Reported": -6926000.0,
        "Diluted Average Shares": 18169000.0,
        "Basic Average Shares": 18169000.0,
        "Diluted EPS": -0.57,
        "Basic EPS": -0.57,
        "Diluted NI Availto Com Stockholders": -10295000.0,
        "Net Income Common Stockholders": -10295000.0,
        "Net Income": -10295000.0,
        "Net Income Including Noncontrolling Interests": -10295000.0,
        "Net Income Continuous Operations": -10295000.0,
        "Tax Provision": 790000.0,
        "Pretax Income": -9505000.0,
        "Other Income Expense": -604000.0,
        "Special Income Charges": 0.0,
        "Restructuring And Mergern Acquisition": 0.0,
        "Earnings From Equity Interest": -604000.0,
        "Net Non Operating Interest Income Expense": -1975000.0,
        "Interest Expense Non Operating": 2407000.0,
        "Interest Income Non Operating": 432000.0,
        "Operating Income": -6926000.0,
        "Operating Expense": 11690000.0,
        "Other Operating Expenses": 139000.0,
        "Other Taxes": NaN,
        "Provision For Doubtful Accounts": 179000.0,
        "Selling General And Administration": 11372000.0,
        "Gross Profit": 4764000.0,
        "Cost Of Revenue": 144232000.0,
        "Total Revenue": 148996000.0,
        "Operating Revenue": 148996000.0
    },
    "2024-06-30": {
        "Tax Effect Of Unusual Items": -91980.0,
        "Tax Rate For Calcs": 0.21,
        "Normalized EBITDA": 6851000.0,
        "Total Unusual Items": -438000.0,
        "Total Unusual Items Excluding Goodwill": -438000.0,
        "Net Income From Continuing Operation Net Minority Interest": -3984000.0,
        "Reconciled Depreciation": 6889000.0,
        "Reconciled Cost Of Revenue": 146661000.0,
        "EBITDA": 6413000.0,
        "EBIT": -476000.0,
        "Net Interest Income": -1931000.0,
        "Interest Expense": 2357000.0,
        "Interest Income": 426000.0,
        "Normalized Income": -3637980.0,
        "Net Income From Continuing And Discontinued Operation": -3984000.0,
        "Total Expenses": 157837000.0,
        "Total Operating Income As Reported": -823000.0,
        "Diluted Average Shares": NaN,
        "Basic Average Shares": NaN,
        "Diluted EPS": NaN,
        "Basic EPS": NaN,
        "Diluted NI Availto Com Stockholders": -3984000.0,
        "Net Income Common Stockholders": -3984000.0,
        "Net Income": -3984000.0,
        "Net Income Including Noncontrolling Interests": -3984000.0,
        "Net Income Continuous Operations": -3984000.0,
        "Tax Provision": 1151000.0,
        "Pretax Income": -2833000.0,
        "Other Income Expense": -517000.0,
        "Special Income Charges": -62000.0,
        "Restructuring And Mergern Acquisition": 0.0,
        "Earnings From Equity Interest": -79000.0,
        "Net Non Operating Interest Income Expense": -1931000.0,
        "Interest Expense Non Operating": 2357000.0,
        "Interest Income Non Operating": 426000.0,
        "Operating Income": -385000.0,
        "Operating Expense": 11176000.0,
        "Other Operating Expenses": -379000.0,
        "Other Taxes": NaN,
        "Provision For Doubtful Accounts": 312000.0,
        "Selling General And Administration": 11243000.0,
        "Gross Profit": 10791000.0,
        "Cost Of Revenue": 146661000.0,
        "Total Revenue": 157452000.0,
        "Operating Revenue": 157452000.0
    }
}