{
    "2023-03-31": {
        "Tax Effect Of Unusual Items": 0.0,
        "Tax Rate For Calcs": 0.237,
        "Normalized EBITDA": 198450000.0,
        "Net Income From Continuing Operation Net Minority Interest": 126069000.0,
        "Reconciled Depreciation": 30783000.0,
        "Reconciled Cost Of Revenue": 1464147000.0,
        "EBITDA": 198450000.0,
        "EBIT": 167667000.0,
        "Net Interest Income": 3429000.0,
        "Interest Expense": 3118000.0,
        "Interest Income": 6547000.0,
        "Normalized Income": 126069000.0,
        "Net Income From Continuing And Discontinued Operation": 126069000.0,
        "Total Expenses": 1658830000.0,
        "Total Operating Income As Reported": 161708000.0,
        "Diluted Average Shares": 60803000.0,
        "Basic Average Shares": 59948000.0,
        "Diluted EPS": 1.98,
        "Basic EPS": 2.01,
        "Diluted NI Availto Com Stockholders": 120488000.0,
        "Net Income Common Stockholders": 120488000.0,
        "Otherunder Preferred Stock Dividend": 5581000.0,
        "Net Income": 126069000.0,
        "Minority Interests": 491000.0,
        "Net Income Including Noncontrolling Interests": 125578000.0,
        "Net Income Continuous Operations": 125578000.0,
        "Tax Provision": 38971000.0,
        "Pretax Income": 164549000.0,
        "Other Income Expense": -2526000.0,
        "Other Non Operating Income Expenses": -1938000.0,
        "Earnings From Equity Interest": -588000.0,
        "Net Non Operating Interest Income Expense": 3429000.0,
        "Interest Expense Non Operating": 3118000.0,
        "Interest Income Non Operating": 6547000.0,
        "Operating Income": 163646000.0,
        "Operating Expense": 194683000.0,
        "Other Operating Expenses": NaN,
        "Selling General And Administration": 194683000.0,
        "Gross Profit": 358329000.0,
        "Cost Of Revenue": 1464147000.0,
        "Total Revenue": 1822476000.0,
        "Operating Revenue": 1822476000.0
    },
    "2022-12-31": {
        "Tax Effect Of Unusual Items": NaN,
        "Tax Rate For Calcs": NaN,
        "Normalized EBITDA": NaN,
        "Net Income From Continuing Operation Net Minority Interest": NaN,
        "Reconciled Depreciation": NaN,
        "Reconciled Cost Of Revenue": NaN,
        "EBITDA": NaN,
        "EBIT": NaN,
        "Net Interest Income": NaN,
        "Interest Expense": NaN,
        "Interest Income": NaN,
        "Normalized Income": NaN,
        "Net Income From Continuing And Discontinued Operation": NaN,
        "Total Expenses": NaN,
        "Total Operating Income As Reported": NaN,
        "Diluted Average Shares": NaN,
        "Basic Average Shares": NaN,
        "Diluted EPS": NaN,
        "Basic EPS": NaN,
        "Diluted NI Availto Com Stockholders": NaN,
        "Net Income Common Stockholders": NaN,
        "Otherunder Preferred Stock Dividend": NaN,
        "Net Income": NaN,
        "Minority Interests": NaN,
        "Net Income Including Noncontrolling Interests": NaN,
        "Net Income Continuous Operations": NaN,
        "Tax Provision": NaN,
        "Pretax Income": NaN,
        "Other Income Expense": NaN,
        "Other Non Operating Income Expenses": NaN,
        "Earnings From Equity Interest": NaN,
        "Net Non Operating Interest Income Expense": NaN,
        "Interest Expense Non Operating": NaN,
        "Interest Income Non Operating": NaN,
        "Operating Income": NaN,
        "Operating Expense": NaN,
        "Other Operating Expenses": 5857000.0,
        "Selling General And Administration": NaN,
        "Gross Profit": NaN,
        "Cost Of Revenue": NaN,
        "Total Revenue": NaN,
        "Operating Revenue": NaN
    },
    "2022-09-30": {
        "Tax Effect Of Unusual Items": NaN,
        "Tax Rate For Calcs": NaN,
        "Normalized EBITDA": NaN,
        "Net Income From Continuing Operation Net Minority Interest": NaN,
        "Reconciled Depreciation": NaN,
        "Reconciled Cost Of Revenue": NaN,
        "EBITDA": NaN,
        "EBIT": NaN,
        "Net Interest Income": NaN,
        "Interest Expense": NaN,
        "Interest Income": NaN,
        "Normalized Income": NaN,
        "Net Income From Continuing And Discontinued Operation": NaN,
        "Total Expenses": NaN,
        "Total Operating Income As Reported": NaN,
        "Diluted Average Shares": NaN,
        "Basic Average Shares": NaN,
        "Diluted EPS": NaN,
        "Basic EPS": NaN,
        "Diluted NI Availto Com Stockholders": NaN,
        "Net Income Common Stockholders": NaN,
        "Otherunder Preferred Stock Dividend": NaN,
        "Net Income": NaN,
        "Minority Interests": NaN,
        "Net Income Including Noncontrolling Interests": NaN,
        "Net Income Continuous Operations": NaN,
        "Tax Provision": NaN,
        "Pretax Income": NaN,
        "Other Income Expense": NaN,
        "Other Non Operating Income Expenses": 1195000.0,
        "Earnings From Equity Interest": NaN,
        "Net Non Operating Interest Income Expense": NaN,
        "Interest Expense Non Operating": NaN,
        "Interest Income Non Operating": NaN,
        "Operating Income": NaN,
        "Operating Expense": NaN,
        "Other Operating Expenses": -1195000.0,
        "Selling General And Administration": NaN,
        "Gross Profit": NaN,
        "Cost Of Revenue": NaN,
        "Total Revenue": NaN,
        "Operating Revenue": NaN
    },
    "2022-06-30": {
        "Tax Effect Of Unusual Items": 0.0,
        "Tax Rate For Calcs": 0.249628,
        "Normalized EBITDA": 311826000.0,
        "Net Income From Continuing Operation Net Minority Interest": 203118000.0,
        "Reconciled Depreciation": 26260000.0,
        "Reconciled Cost Of Revenue": 2397422000.0,
        "EBITDA": 311826000.0,
        "EBIT": 285566000.0,
        "Net Interest Income": -8566000.0,
        "Interest Expense": 8566000.0,
        "Interest Income": NaN,
        "Normalized Income": 203118000.0,
        "Net Income From Continuing And Discontinued Operation": 203118000.0,
        "Total Expenses": 2615308000.0,
        "Total Operating Income As Reported": 285566000.0,
        "Diluted Average Shares": 60416000.0,
        "Basic Average Shares": 60211000.0,
        "Diluted EPS": 3.23,
        "Basic EPS": 3.24,
        "Diluted NI Availto Com Stockholders": 203118000.0,
        "Net Income Common Stockholders": 203118000.0,
        "Otherunder Preferred Stock Dividend": 8270000.0,
        "Net Income": 203118000.0,
        "Minority Interests": -4735000.0,
        "Net Income Including Noncontrolling Interests": 207853000.0,
        "Net Income Continuous Operations": 207853000.0,
        "Tax Provision": 69147000.0,
        "Pretax Income": 277000000.0,
        "Other Income Expense": -1017000.0,
        "Other Non Operating Income Expenses": NaN,
        "Earnings From Equity Interest": -1017000.0,
        "Net Non Operating Interest Income Expense": -8566000.0,
        "Interest Expense Non Operating": 8566000.0,
        "Interest Income Non Operating": NaN,
        "Operating Income": 285566000.0,
        "Operating Expense": 217886000.0,
        "Other Operating Expenses": 3348000.0,
        "Selling General And Administration": 214538000.0,
        "Gross Profit": 503452000.0,
        "Cost Of Revenue": 2397422000.0,
        "Total Revenue": 2900874000.0,
        "Operating Revenue": 2900874000.0
    },
    "2023-06-30": {
        "Tax Effect Of Unusual Items": 0.0,
        "Tax Rate For Calcs": 0.237,
        "Normalized EBITDA": 233171000.0,
        "Net Income From Continuing Operation Net Minority Interest": 150761000.0,
        "Reconciled Depreciation": 32374000.0,
        "Reconciled Cost Of Revenue": 1643851000.0,
        "EBITDA": 233171000.0,
        "EBIT": 200797000.0,
        "Net Interest Income": 4442000.0,
        "Interest Expense": 3275000.0,
        "Interest Income": 7717000.0,
        "Normalized Income": 150761000.0,
        "Net Income From Continuing And Discontinued Operation": 150761000.0,
        "Total Expenses": 1848554000.0,
        "Total Operating Income As Reported": 193497000.0,
        "Diluted Average Shares": 60544000.0,
        "Basic Average Shares": 59626000.0,
        "Diluted EPS": 2.36,
        "Basic EPS": 2.4,
        "Diluted NI Availto Com Stockholders": 143173000.0,
        "Net Income Common Stockholders": 143173000.0,
        "Otherunder Preferred Stock Dividend": 7588000.0,
        "Net Income": 150761000.0,
        "Minority Interests": -27000.0,
        "Net Income Including Noncontrolling Interests": 150788000.0,
        "Net Income Continuous Operations": 150788000.0,
        "Tax Provision": 46734000.0,
        "Pretax Income": 197522000.0,
        "Other Income Expense": -2284000.0,
        "Other Non Operating Income Expenses": -1867000.0,
        "Earnings From Equity Interest": -417000.0,
        "Net Non Operating Interest Income Expense": 4442000.0,
        "Interest Expense Non Operating": 3275000.0,
        "Interest Income Non Operating": 7717000.0,
        "Operating Income": 195364000.0,
        "Operating Expense": 204703000.0,
        "Other Operating Expenses": NaN,
        "Selling General And Administration": 204703000.0,
        "Gross Profit": 400067000.0,
        "Cost Of Revenue": 1643851000.0,
        "Total Revenue": 2043918000.0,
        "Operating Revenue": 2043918000.0
    },
    "2022-03-31": {
        "Diluted EPS": 3.0,
        "Total Revenue": NaN,
        "Gross Profit": 478,
        "Operating Income": 259,
        "EBIT": 286,
        "Net Income": 183
    },
    "2021-12-31": {
        "Diluted EPS": 2.2,
        "Total Revenue": NaN,
        "Gross Profit": 372,
        "Operating Income": 195,
        "EBIT": 222,
        "Net Income": 133
    },
    "2021-09-30": {
        "Diluted EPS": 1.94,
        "Total Revenue": NaN,
        "Gross Profit": 328,
        "Operating Income": 168,
        "EBIT": 194,
        "Net Income": 117
    },
    "2021-06-30": {
        "Diluted EPS": 2.78,
        "Total Revenue": NaN,
        "Gross Profit": 421,
        "Operating Income": 237,
        "EBIT": 260,
        "Net Income": 168
    },
    "2021-03-31": {
        "Diluted EPS": 1.67,
        "Total Revenue": NaN,
        "Gross Profit": 287,
        "Operating Income": 137,
        "EBIT": 160,
        "Net Income": 100
    },
    "2020-12-31": {
        "Diluted EPS": 1.02,
        "Total Revenue": NaN,
        "Gross Profit": 187,
        "Operating Income": 88,
        "EBIT": 108,
        "Net Income": 61
    },
    "2020-09-30": {
        "Diluted EPS": 1.25,
        "Total Revenue": NaN,
        "Gross Profit": 241,
        "Operating Income": 107,
        "EBIT": 125,
        "Net Income": 75
    },
    "2020-06-30": {
        "Diluted EPS": 1.08,
        "Total Revenue": NaN,
        "Gross Profit": 205,
        "Operating Income": 92,
        "EBIT": 110,
        "Net Income": 65
    },
    "2020-03-31": {
        "Diluted EPS": 0.65,
        "Total Revenue": NaN,
        "Gross Profit": 167,
        "Operating Income": 59,
        "EBIT": 76,
        "Net Income": 39
    },
    "2019-12-31": {
        "Diluted EPS": 0.61,
        "Total Revenue": 998,
        "Gross Profit": 157,
        "Operating Income": 52,
        "EBIT": 69,
        "Net Income": 33
    },
    "2019-09-30": {
        "Diluted EPS": 0.84,
        "Total Revenue": NaN,
        "Gross Profit": 187,
        "Operating Income": 70,
        "EBIT": 88,
        "Net Income": 52
    },
    "2019-06-30": {
        "Diluted EPS": 0.88,
        "Total Revenue": NaN,
        "Gross Profit": 187,
        "Operating Income": 74,
        "EBIT": 90,
        "Net Income": 55
    },
    "2019-03-31": {
        "Diluted EPS": 0.58,
        "Total Revenue": NaN,
        "Gross Profit": 154,
        "Operating Income": 48,
        "EBIT": 65,
        "Net Income": 36
    },
    "2018-12-31": {
        "Diluted EPS": 0.5,
        "Total Revenue": 988,
        "Gross Profit": 138,
        "Operating Income": 45,
        "EBIT": 62,
        "Net Income": 27
    },
    "2018-09-30": {
        "Diluted EPS": 0.66,
        "Total Revenue": NaN,
        "Gross Profit": 159,
        "Operating Income": 57,
        "EBIT": 73,
        "Net Income": 41
    },
    "2018-06-30": {
        "Diluted EPS": 0.71,
        "Total Revenue": NaN,
        "Gross Profit": 166,
        "Operating Income": 61,
        "EBIT": 76,
        "Net Income": 44
    },
    "2018-03-31": {
        "Diluted EPS": 0.53,
        "Total Revenue": 994,
        "Gross Profit": 131,
        "Operating Income": 44,
        "EBIT": 58,
        "Net Income": 33
    },
    "2017-12-31": {
        "Diluted EPS": 0.5,
        "Total Revenue": 966,
        "Gross Profit": 129,
        "Operating Income": 41,
        "EBIT": 55,
        "Net Income": 33
    },
    "2017-09-30": {
        "Diluted EPS": 0.55,
        "Total Revenue": NaN,
        "Gross Profit": 145,
        "Operating Income": 52,
        "EBIT": 66,
        "Net Income": 33
    },
    "2017-06-30": {
        "Diluted EPS": 0.55,
        "Total Revenue": NaN,
        "Gross Profit": 148,
        "Operating Income": 54,
        "EBIT": 67,
        "Net Income": 33
    },
    "2017-03-31": {
        "Diluted EPS": 0.34,
        "Total Revenue": 846,
        "Gross Profit": 121,
        "Operating Income": 34,
        "EBIT": 46,
        "Net Income": 21
    },
    "2016-12-31": {
        "Diluted EPS": 0.33,
        "Total Revenue": 860,
        "Gross Profit": 122,
        "Operating Income": 35,
        "EBIT": 48,
        "Net Income": 22
    },
    "2016-09-30": {
        "Diluted EPS": 0.45,
        "Total Revenue": 827,
        "Gross Profit": 118,
        "Operating Income": 44,
        "EBIT": 54,
        "Net Income": 27
    },
    "2016-06-30": {
        "Diluted EPS": 0.55,
        "Total Revenue": 872,
        "Gross Profit": 131,
        "Operating Income": 54,
        "EBIT": 64,
        "Net Income": 33
    },
    "2016-03-31": {
        "Diluted EPS": 0.32,
        "Total Revenue": 682,
        "Gross Profit": 103,
        "Operating Income": 32,
        "EBIT": 42,
        "Net Income": 19
    },
    "2015-12-31": {
        "Diluted EPS": 0.31,
        "Total Revenue": 654,
        "Gross Profit": 97,
        "Operating Income": 31,
        "EBIT": 41,
        "Net Income": 19
    },
    "2015-09-30": {
        "Diluted EPS": 0.42,
        "Total Revenue": 762,
        "Gross Profit": 111,
        "Operating Income": 43,
        "EBIT": 53,
        "Net Income": 25
    },
    "2015-06-30": {
        "Diluted EPS": 0.43,
        "Total Revenue": 838,
        "Gross Profit": 112,
        "Operating Income": 44,
        "EBIT": 55,
        "Net Income": 26
    },
    "2015-03-31": {
        "Diluted EPS": 0.17,
        "Total Revenue": 633,
        "Gross Profit": 80,
        "Operating Income": 18,
        "EBIT": 28,
        "Net Income": 10
    },
    "2014-12-31": {
        "Diluted EPS": 0.15,
        "Total Revenue": 620,
        "Gross Profit": 73,
        "Operating Income": 16,
        "EBIT": 26,
        "Net Income": 9
    },
    "2014-09-30": {
        "Diluted EPS": 0.32,
        "Total Revenue": 713,
        "Gross Profit": 90,
        "Operating Income": 32,
        "EBIT": 41,
        "Net Income": 19
    },
    "2014-06-30": {
        "Diluted EPS": 0.36,
        "Total Revenue": 773,
        "Gross Profit": 97,
        "Operating Income": 37,
        "EBIT": 45,
        "Net Income": 22
    },
    "2014-03-31": {
        "Diluted EPS": 0.12,
        "Total Revenue": 554,
        "Gross Profit": 66,
        "Operating Income": 13,
        "EBIT": 21,
        "Net Income": 7
    },
    "2013-12-31": {
        "Diluted EPS": 0.13,
        "Total Revenue": 526,
        "Gross Profit": 64,
        "Operating Income": 14,
        "EBIT": 23,
        "Net Income": 8
    },
    "2013-09-30": {
        "Diluted EPS": 0.24,
        "Total Revenue": 652,
        "Gross Profit": 78,
        "Operating Income": 25,
        "EBIT": 33,
        "Net Income": 14
    },
    "2013-06-30": {
        "Diluted EPS": 0.26,
        "Total Revenue": 738,
        "Gross Profit": 80,
        "Operating Income": 27,
        "EBIT": 35,
        "Net Income": 16
    },
    "2013-03-31": {
        "Diluted EPS": 0.09,
        "Total Revenue": 554,
        "Gross Profit": 58,
        "Operating Income": 9,
        "EBIT": 17,
        "Net Income": 5
    },
    "2012-12-31": {
        "Diluted EPS": -0.03,
        "Total Revenue": 471,
        "Gross Profit": 44,
        "Operating Income": -1,
        "EBIT": 8,
        "Net Income": -2
    },
    "2012-09-30": {
        "Diluted EPS": 0.07,
        "Total Revenue": 533,
        "Gross Profit": 55,
        "Operating Income": 8,
        "EBIT": 17,
        "Net Income": 4
    },
    "2012-06-30": {
        "Diluted EPS": 0.29,
        "Total Revenue": 594,
        "Gross Profit": 72,
        "Operating Income": 30,
        "EBIT": 38,
        "Net Income": 17
    },
    "2012-03-31": {
        "Diluted EPS": 0.07,
        "Total Revenue": 457,
        "Gross Profit": 54,
        "Operating Income": 8,
        "EBIT": 16,
        "Net Income": 4
    },
    "2011-12-31": {
        "Diluted EPS": -0.03,
        "Total Revenue": 422,
        "Gross Profit": 47,
        "Operating Income": -1,
        "EBIT": 9,
        "Net Income": -2
    },
    "2011-09-30": {
        "Diluted EPS": 0.1,
        "Total Revenue": 469,
        "Gross Profit": 54,
        "Operating Income": 10,
        "EBIT": 19,
        "Net Income": 6
    },
    "2011-06-30": {
        "Diluted EPS": 0.07,
        "Total Revenue": 544,
        "Gross Profit": 57,
        "Operating Income": 8,
        "EBIT": 17,
        "Net Income": 4
    },
    "2011-03-31": {
        "Diluted EPS": -0.06,
        "Total Revenue": 387,
        "Gross Profit": 41,
        "Operating Income": -5,
        "EBIT": 3,
        "Net Income": -4
    },
    "2010-12-31": {
        "Diluted EPS": 0.0,
        "Total Revenue": 379,
        "Gross Profit": 46,
        "Operating Income": -2,
        "EBIT": 7,
        "Net Income": 0
    },
    "2010-09-30": {
        "Diluted EPS": 0.04,
        "Total Revenue": 481,
        "Gross Profit": 54,
        "Operating Income": 6,
        "EBIT": 15,
        "Net Income": 3
    },
    "2010-06-30": {
        "Diluted EPS": 0.23,
        "Total Revenue": 639,
        "Gross Profit": 78,
        "Operating Income": 24,
        "EBIT": 33,
        "Net Income": 14
    },
    "2010-03-31": {
        "Diluted EPS": 0.02,
        "Total Revenue": 393,
        "Gross Profit": 52,
        "Operating Income": 3,
        "EBIT": 13,
        "Net Income": 1
    },
    "2009-12-31": {
        "Diluted EPS": -0.01,
        "Total Revenue": 339,
        "Gross Profit": 45,
        "Operating Income": 0,
        "EBIT": 11,
        "Net Income": -1
    },
    "2009-09-30": {
        "Diluted EPS": 0.17,
        "Total Revenue": 458,
        "Gross Profit": 69,
        "Operating Income": 18,
        "EBIT": 28,
        "Net Income": 10
    },
    "2009-06-30": {
        "Diluted EPS": 0.28,
        "Total Revenue": 515,
        "Gross Profit": 82,
        "Operating Income": 26,
        "EBIT": 37,
        "Net Income": 16
    },
    "2009-03-31": {
        "Diluted EPS": -0.02,
        "Total Revenue": 362,
        "Gross Profit": 47,
        "Operating Income": -2,
        "EBIT": 9,
        "Net Income": -1
    },
    "2023-09-30": {
        "Tax Effect Of Unusual Items": 0.0,
        "Tax Rate For Calcs": 0.227,
        "Normalized EBITDA": 209314000.0,
        "Net Income From Continuing Operation Net Minority Interest": 134035000.0,
        "Reconciled Depreciation": 32600000.0,
        "Reconciled Cost Of Revenue": 1463237000.0,
        "EBITDA": 209314000.0,
        "EBIT": 176714000.0,
        "Net Interest Income": 6185000.0,
        "Interest Expense": 3205000.0,
        "Interest Income": 9390000.0,
        "Normalized Income": 134035000.0,
        "Net Income From Continuing And Discontinued Operation": 134035000.0,
        "Total Expenses": 1658886000.0,
        "Total Operating Income As Reported": 167332000.0,
        "Diluted Average Shares": 60621000.0,
        "Basic Average Shares": 59534000.0,
        "Diluted EPS": 2.1,
        "Basic EPS": 2.14,
        "Diluted NI Availto Com Stockholders": 127281000.0,
        "Net Income Common Stockholders": 127281000.0,
        "Otherunder Preferred Stock Dividend": 6754000.0,
        "Net Income": 134035000.0,
        "Minority Interests": -148000.0,
        "Net Income Including Noncontrolling Interests": 134183000.0,
        "Net Income Continuous Operations": 134183000.0,
        "Tax Provision": 39326000.0,
        "Pretax Income": 173509000.0,
        "Other Income Expense": -1427000.0,
        "Other Non Operating Income Expenses": -1419000.0,
        "Earnings From Equity Interest": -8000.0,
        "Net Non Operating Interest Income Expense": 6185000.0,
        "Interest Expense Non Operating": 3205000.0,
        "Interest Income Non Operating": 9390000.0,
        "Operating Income": 168751000.0,
        "Operating Expense": 195649000.0,
        "Other Operating Expenses": NaN,
        "Selling General And Administration": 195649000.0,
        "Gross Profit": 364400000.0,
        "Cost Of Revenue": 1463237000.0,
        "Total Revenue": 1827637000.0,
        "Operating Revenue": 1827637000.0
    },
    "2023-12-31": {
        "Tax Effect Of Unusual Items": 0.0,
        "Tax Rate For Calcs": 0.234061,
        "Normalized EBITDA": 175038000.0,
        "Net Income From Continuing Operation Net Minority Interest": 103447000.0,
        "Reconciled Depreciation": 36133000.0,
        "Reconciled Cost Of Revenue": 1228211000.0,
        "EBITDA": 175038000.0,
        "EBIT": 138905000.0,
        "Net Interest Income": 13018000.0,
        "Interest Expense": 3244000.0,
        "Interest Income": 16262000.0,
        "Normalized Income": 103447000.0,
        "Net Income From Continuing And Discontinued Operation": 103447000.0,
        "Total Expenses": 1405580000.0,
        "Total Operating Income As Reported": 123997000.0,
        "Diluted Average Shares": 63856173.0,
        "Basic Average Shares": 62695152.0,
        "Diluted EPS": 1.62,
        "Basic EPS": 1.65,
        "Diluted NI Availto Com Stockholders": 98171000.0,
        "Net Income Common Stockholders": 98171000.0,
        "Otherunder Preferred Stock Dividend": 5276000.0,
        "Net Income": 103447000.0,
        "Minority Interests": -461000.0,
        "Net Income Including Noncontrolling Interests": 103908000.0,
        "Net Income Continuous Operations": 103908000.0,
        "Tax Provision": 31753000.0,
        "Pretax Income": 135661000.0,
        "Other Income Expense": 3870000.0,
        "Other Non Operating Income Expenses": NaN,
        "Earnings From Equity Interest": -1354000.0,
        "Net Non Operating Interest Income Expense": 13018000.0,
        "Interest Expense Non Operating": 3244000.0,
        "Interest Income Non Operating": 16262000.0,
        "Operating Income": 118773000.0,
        "Operating Expense": 177369000.0,
        "Other Operating Expenses": NaN,
        "Selling General And Administration": 171598000.0,
        "Gross Profit": 296142000.0,
        "Cost Of Revenue": 1228211000.0,
        "Total Revenue": 1524353000.0,
        "Operating Revenue": 1524353000.0
    },
    "2024-03-31": {
        "Tax Effect Of Unusual Items": 0.0,
        "Tax Rate For Calcs": 0.174,
        "Normalized EBITDA": 185623000.0,
        "Net Income From Continuing Operation Net Minority Interest": 120791000.0,
        "Reconciled Depreciation": 35901000.0,
        "Reconciled Cost Of Revenue": 1312888000.0,
        "EBITDA": 185623000.0,
        "EBIT": 149722000.0,
        "Net Interest Income": 13357000.0,
        "Interest Expense": 3136000.0,
        "Interest Income": 16493000.0,
        "Normalized Income": 120791000.0,
        "Net Income From Continuing And Discontinued Operation": 120791000.0,
        "Total Expenses": 1504947000.0,
        "Total Operating Income As Reported": 133823000.0,
        "Diluted Average Shares": 59262000.0,
        "Basic Average Shares": 59176000.0,
        "Diluted EPS": 1.96,
        "Basic EPS": 1.96,
        "Diluted NI Availto Com Stockholders": 115890000.0,
        "Net Income Common Stockholders": 115890000.0,
        "Otherunder Preferred Stock Dividend": 4901000.0,
        "Net Income": 120791000.0,
        "Minority Interests": -308000.0,
        "Net Income Including Noncontrolling Interests": 121099000.0,
        "Net Income Continuous Operations": 121099000.0,
        "Tax Provision": 25487000.0,
        "Pretax Income": 146586000.0,
        "Other Income Expense": -790000.0,
        "Other Non Operating Income Expenses": -196000.0,
        "Earnings From Equity Interest": -594000.0,
        "Net Non Operating Interest Income Expense": 13357000.0,
        "Interest Expense Non Operating": 3136000.0,
        "Interest Income Non Operating": 16493000.0,
        "Operating Income": 134019000.0,
        "Operating Expense": 192059000.0,
        "Other Operating Expenses": NaN,
        "Selling General And Administration": 192059000.0,
        "Gross Profit": 326078000.0,
        "Cost Of Revenue": 1312888000.0,
        "Total Revenue": 1638966000.0,
        "Operating Revenue": 1638966000.0
    }
}