{
    "2023-03-31": {
        "Tax Effect Of Unusual Items": -517294.997898,
        "Tax Rate For Calcs": 0.181253,
        "Normalized EBITDA": 18395000.0,
        "Total Unusual Items": -2854000.0,
        "Total Unusual Items Excluding Goodwill": -2854000.0,
        "Net Income From Continuing Operation Net Minority Interest": 9739000.0,
        "Reconciled Depreciation": 2777000.0,
        "Reconciled Cost Of Revenue": 69052000.0,
        "EBITDA": 15541000.0,
        "EBIT": 12764000.0,
        "Net Interest Income": -869000.0,
        "Interest Expense": 869000.0,
        "Interest Income": NaN,
        "Normalized Income": 12075705.002102,
        "Net Income From Continuing And Discontinued Operation": 9739000.0,
        "Total Expenses": 82058000.0,
        "Total Operating Income As Reported": 12841000.0,
        "Diluted Average Shares": 7681000.0,
        "Basic Average Shares": 7592000.0,
        "Diluted EPS": 1.27,
        "Basic EPS": 1.28,
        "Diluted NI Availto Com Stockholders": 9739000.0,
        "Net Income Common Stockholders": 9739000.0,
        "Net Income": 9739000.0,
        "Net Income Including Noncontrolling Interests": 9739000.0,
        "Net Income Continuous Operations": 9739000.0,
        "Tax Provision": 2156000.0,
        "Pretax Income": 11895000.0,
        "Other Income Expense": -2931000.0,
        "Other Non Operating Income Expenses": -77000.0,
        "Special Income Charges": -2854000.0,
        "Gain On Sale Of Ppe": -1000.0,
        "Gain On Sale Of Business": NaN,
        "Restructuring And Mergern Acquisition": 2853000.0,
        "Net Non Operating Interest Income Expense": -869000.0,
        "Interest Expense Non Operating": 869000.0,
        "Interest Income Non Operating": NaN,
        "Operating Income": 15695000.0,
        "Operating Expense": 13006000.0,
        "Selling General And Administration": 13006000.0,
        "Gross Profit": 28701000.0,
        "Cost Of Revenue": 69052000.0,
        "Total Revenue": 97753000.0,
        "Operating Revenue": 97753000.0
    },
    "2022-12-31": {
        "Tax Effect Of Unusual Items": NaN,
        "Tax Rate For Calcs": NaN,
        "Normalized EBITDA": NaN,
        "Total Unusual Items": NaN,
        "Total Unusual Items Excluding Goodwill": NaN,
        "Net Income From Continuing Operation Net Minority Interest": NaN,
        "Reconciled Depreciation": NaN,
        "Reconciled Cost Of Revenue": NaN,
        "EBITDA": NaN,
        "EBIT": NaN,
        "Net Interest Income": NaN,
        "Interest Expense": NaN,
        "Interest Income": NaN,
        "Normalized Income": NaN,
        "Net Income From Continuing And Discontinued Operation": NaN,
        "Total Expenses": NaN,
        "Total Operating Income As Reported": NaN,
        "Diluted Average Shares": NaN,
        "Basic Average Shares": NaN,
        "Diluted EPS": NaN,
        "Basic EPS": NaN,
        "Diluted NI Availto Com Stockholders": NaN,
        "Net Income Common Stockholders": NaN,
        "Net Income": NaN,
        "Net Income Including Noncontrolling Interests": NaN,
        "Net Income Continuous Operations": NaN,
        "Tax Provision": NaN,
        "Pretax Income": NaN,
        "Other Income Expense": NaN,
        "Other Non Operating Income Expenses": NaN,
        "Special Income Charges": NaN,
        "Gain On Sale Of Ppe": NaN,
        "Gain On Sale Of Business": 28000.0,
        "Restructuring And Mergern Acquisition": NaN,
        "Net Non Operating Interest Income Expense": NaN,
        "Interest Expense Non Operating": NaN,
        "Interest Income Non Operating": NaN,
        "Operating Income": NaN,
        "Operating Expense": NaN,
        "Selling General And Administration": NaN,
        "Gross Profit": NaN,
        "Cost Of Revenue": NaN,
        "Total Revenue": NaN,
        "Operating Revenue": NaN
    },
    "2022-09-30": {
        "Tax Effect Of Unusual Items": NaN,
        "Tax Rate For Calcs": NaN,
        "Normalized EBITDA": NaN,
        "Total Unusual Items": NaN,
        "Total Unusual Items Excluding Goodwill": NaN,
        "Net Income From Continuing Operation Net Minority Interest": NaN,
        "Reconciled Depreciation": NaN,
        "Reconciled Cost Of Revenue": NaN,
        "EBITDA": NaN,
        "EBIT": NaN,
        "Net Interest Income": NaN,
        "Interest Expense": NaN,
        "Interest Income": 11000.0,
        "Normalized Income": NaN,
        "Net Income From Continuing And Discontinued Operation": NaN,
        "Total Expenses": NaN,
        "Total Operating Income As Reported": NaN,
        "Diluted Average Shares": NaN,
        "Basic Average Shares": NaN,
        "Diluted EPS": NaN,
        "Basic EPS": NaN,
        "Diluted NI Availto Com Stockholders": NaN,
        "Net Income Common Stockholders": NaN,
        "Net Income": NaN,
        "Net Income Including Noncontrolling Interests": NaN,
        "Net Income Continuous Operations": NaN,
        "Tax Provision": NaN,
        "Pretax Income": NaN,
        "Other Income Expense": NaN,
        "Other Non Operating Income Expenses": NaN,
        "Special Income Charges": NaN,
        "Gain On Sale Of Ppe": NaN,
        "Gain On Sale Of Business": 15623000.0,
        "Restructuring And Mergern Acquisition": NaN,
        "Net Non Operating Interest Income Expense": NaN,
        "Interest Expense Non Operating": NaN,
        "Interest Income Non Operating": 11000.0,
        "Operating Income": NaN,
        "Operating Expense": NaN,
        "Selling General And Administration": NaN,
        "Gross Profit": NaN,
        "Cost Of Revenue": NaN,
        "Total Revenue": NaN,
        "Operating Revenue": NaN
    },
    "2022-06-30": {
        "Tax Effect Of Unusual Items": -10893.74516,
        "Tax Rate For Calcs": 0.231782,
        "Normalized EBITDA": 12293000.0,
        "Total Unusual Items": -47000.0,
        "Total Unusual Items Excluding Goodwill": -47000.0,
        "Net Income From Continuing Operation Net Minority Interest": 8929000.0,
        "Reconciled Depreciation": 3317000.0,
        "Reconciled Cost Of Revenue": 70019000.0,
        "EBITDA": 12246000.0,
        "EBIT": 12246000.0,
        "Net Interest Income": -733000.0,
        "Interest Expense": 744000.0,
        "Interest Income": 11000.0,
        "Normalized Income": 8965106.25484,
        "Net Income From Continuing And Discontinued Operation": 8929000.0,
        "Total Expenses": 82097000.0,
        "Total Operating Income As Reported": 12199000.0,
        "Diluted Average Shares": 7608000.0,
        "Basic Average Shares": 7563000.0,
        "Diluted EPS": 1.17,
        "Basic EPS": 1.18,
        "Diluted NI Availto Com Stockholders": 8929000.0,
        "Net Income Common Stockholders": 8929000.0,
        "Net Income": 8929000.0,
        "Net Income Including Noncontrolling Interests": 8929000.0,
        "Net Income Continuous Operations": 8929000.0,
        "Tax Provision": 2694000.0,
        "Pretax Income": 11623000.0,
        "Other Income Expense": 110000.0,
        "Other Non Operating Income Expenses": 157000.0,
        "Special Income Charges": -47000.0,
        "Gain On Sale Of Ppe": 6197000.0,
        "Gain On Sale Of Business": NaN,
        "Restructuring And Mergern Acquisition": 6244000.0,
        "Net Non Operating Interest Income Expense": -733000.0,
        "Total Other Finance Cost": 733000.0,
        "Interest Expense Non Operating": 744000.0,
        "Interest Income Non Operating": 11000.0,
        "Operating Income": 12246000.0,
        "Operating Expense": 12078000.0,
        "Selling General And Administration": 12078000.0,
        "Gross Profit": 24324000.0,
        "Cost Of Revenue": 70019000.0,
        "Total Revenue": 94343000.0,
        "Operating Revenue": 94343000.0
    },
    "2022-03-31": {
        "Diluted EPS": 0.64,
        "Total Revenue": 71,
        "Gross Profit": 17,
        "Operating Income": 6,
        "EBIT": 9,
        "Net Income": 5
    },
    "2021-12-31": {
        "Diluted EPS": 0.42,
        "Total Revenue": 56,
        "Gross Profit": 13,
        "Operating Income": 5,
        "EBIT": 7,
        "Net Income": 3
    },
    "2021-09-30": {
        "Diluted EPS": 0.5,
        "Total Revenue": 51,
        "Gross Profit": 12,
        "Operating Income": 5,
        "EBIT": 7,
        "Net Income": 4
    },
    "2021-06-30": {
        "Diluted EPS": 0.62,
        "Total Revenue": 51,
        "Gross Profit": 13,
        "Operating Income": 6,
        "EBIT": 8,
        "Net Income": 5
    },
    "2021-03-31": {
        "Diluted EPS": 0.55,
        "Total Revenue": 49,
        "Gross Profit": 13,
        "Operating Income": 5,
        "EBIT": 7,
        "Net Income": 4
    },
    "2020-12-31": {
        "Diluted EPS": 0.54,
        "Total Revenue": 45,
        "Gross Profit": 11,
        "Operating Income": 5,
        "EBIT": 7,
        "Net Income": 4
    },
    "2020-09-30": {
        "Diluted EPS": 0.4,
        "Total Revenue": 43,
        "Gross Profit": 11,
        "Operating Income": 4,
        "EBIT": 6,
        "Net Income": 3
    },
    "2020-06-30": {
        "Diluted EPS": 0.31,
        "Total Revenue": 43,
        "Gross Profit": 10,
        "Operating Income": 3,
        "EBIT": 5,
        "Net Income": 2
    },
    "2020-03-31": {
        "Diluted EPS": 0.52,
        "Total Revenue": 48,
        "Gross Profit": 13,
        "Operating Income": 5,
        "EBIT": 7,
        "Net Income": 4
    },
    "2019-12-31": {
        "Diluted EPS": 0.76,
        "Total Revenue": 50,
        "Gross Profit": 14,
        "Operating Income": 7,
        "EBIT": 9,
        "Net Income": 6
    },
    "2019-09-30": {
        "Diluted EPS": 0.75,
        "Total Revenue": 49,
        "Gross Profit": 13,
        "Operating Income": 6,
        "EBIT": 8,
        "Net Income": 6
    },
    "2019-06-30": {
        "Diluted EPS": 0.62,
        "Total Revenue": 51,
        "Gross Profit": 14,
        "Operating Income": 7,
        "EBIT": 9,
        "Net Income": 5
    },
    "2019-03-31": {
        "Diluted EPS": 0.5,
        "Total Revenue": 47,
        "Gross Profit": 12,
        "Operating Income": 5,
        "EBIT": 7,
        "Net Income": 4
    },
    "2018-12-31": {
        "Diluted EPS": 0.59,
        "Total Revenue": 51,
        "Gross Profit": 13,
        "Operating Income": 5,
        "EBIT": 8,
        "Net Income": 4
    },
    "2018-09-30": {
        "Diluted EPS": 0.56,
        "Total Revenue": 48,
        "Gross Profit": 12,
        "Operating Income": 6,
        "EBIT": 8,
        "Net Income": 4
    },
    "2018-06-30": {
        "Diluted EPS": 0.54,
        "Total Revenue": 49,
        "Gross Profit": 13,
        "Operating Income": 6,
        "EBIT": 8,
        "Net Income": 4
    },
    "2018-03-31": {
        "Diluted EPS": 0.24,
        "Total Revenue": 43,
        "Gross Profit": 10,
        "Operating Income": 3,
        "EBIT": 4,
        "Net Income": 2
    },
    "2017-12-31": {
        "Diluted EPS": 0.37,
        "Total Revenue": 37,
        "Gross Profit": 8,
        "Operating Income": 2,
        "EBIT": 4,
        "Net Income": 3
    },
    "2017-09-30": {
        "Diluted EPS": 0.23,
        "Total Revenue": 36,
        "Gross Profit": 8,
        "Operating Income": 3,
        "EBIT": 4,
        "Net Income": 2
    },
    "2017-06-30": {
        "Diluted EPS": 0.36,
        "Total Revenue": 38,
        "Gross Profit": 10,
        "Operating Income": 4,
        "EBIT": 5,
        "Net Income": 3
    },
    "2017-03-31": {
        "Diluted EPS": 0.3,
        "Total Revenue": 37,
        "Gross Profit": 10,
        "Operating Income": 3,
        "EBIT": 5,
        "Net Income": 2
    },
    "2016-12-31": {
        "Diluted EPS": 0.2,
        "Total Revenue": 37,
        "Gross Profit": 8,
        "Operating Income": 2,
        "EBIT": 4,
        "Net Income": 1
    },
    "2016-09-30": {
        "Diluted EPS": 0.37,
        "Total Revenue": 37,
        "Gross Profit": 8,
        "Operating Income": 4,
        "EBIT": 5,
        "Net Income": 3
    },
    "2016-06-30": {
        "Diluted EPS": 0.38,
        "Total Revenue": 38,
        "Gross Profit": 10,
        "Operating Income": 4,
        "EBIT": 6,
        "Net Income": 3
    },
    "2016-03-31": {
        "Diluted EPS": 0.15,
        "Total Revenue": 35,
        "Gross Profit": 8,
        "Operating Income": 2,
        "EBIT": 3,
        "Net Income": 1
    },
    "2015-12-31": {
        "Diluted EPS": 0.22,
        "Total Revenue": 34,
        "Gross Profit": 9,
        "Operating Income": 3,
        "EBIT": 4,
        "Net Income": 2
    },
    "2015-09-30": {
        "Diluted EPS": 0.28,
        "Total Revenue": 34,
        "Gross Profit": 10,
        "Operating Income": 3,
        "EBIT": 4,
        "Net Income": 2
    },
    "2015-06-30": {
        "Diluted EPS": 0.32,
        "Total Revenue": 36,
        "Gross Profit": 10,
        "Operating Income": 3,
        "EBIT": 5,
        "Net Income": 2
    },
    "2015-03-31": {
        "Diluted EPS": 0.23,
        "Total Revenue": 34,
        "Gross Profit": 9,
        "Operating Income": 3,
        "EBIT": 4,
        "Net Income": 2
    },
    "2014-12-31": {
        "Diluted EPS": 0.21,
        "Total Revenue": 35,
        "Gross Profit": 8,
        "Operating Income": 2,
        "EBIT": 4,
        "Net Income": 2
    },
    "2014-09-30": {
        "Diluted EPS": 0.29,
        "Total Revenue": 35,
        "Gross Profit": 10,
        "Operating Income": 3,
        "EBIT": 4,
        "Net Income": 2
    },
    "2014-06-30": {
        "Diluted EPS": 0.26,
        "Total Revenue": 34,
        "Gross Profit": 10,
        "Operating Income": 3,
        "EBIT": 4,
        "Net Income": 2
    },
    "2014-03-31": {
        "Diluted EPS": 0.29,
        "Total Revenue": 35,
        "Gross Profit": 9,
        "Operating Income": 3,
        "EBIT": 4,
        "Net Income": 2
    },
    "2013-12-31": {
        "Diluted EPS": 0.47,
        "Total Revenue": 35,
        "Gross Profit": 11,
        "Operating Income": 5,
        "EBIT": 6,
        "Net Income": 3
    },
    "2013-09-30": {
        "Diluted EPS": 0.41,
        "Total Revenue": 35,
        "Gross Profit": 10,
        "Operating Income": 4,
        "EBIT": 5,
        "Net Income": 3
    },
    "2013-06-30": {
        "Diluted EPS": 0.42,
        "Total Revenue": 36,
        "Gross Profit": 11,
        "Operating Income": 5,
        "EBIT": 6,
        "Net Income": 3
    },
    "2013-03-31": {
        "Diluted EPS": 0.29,
        "Total Revenue": 34,
        "Gross Profit": 9,
        "Operating Income": 3,
        "EBIT": 4,
        "Net Income": 2
    },
    "2012-12-31": {
        "Diluted EPS": 0.46,
        "Total Revenue": 33,
        "Gross Profit": 10,
        "Operating Income": 5,
        "EBIT": 5,
        "Net Income": 3
    },
    "2012-09-30": {
        "Diluted EPS": 0.37,
        "Total Revenue": 32,
        "Gross Profit": 9,
        "Operating Income": 4,
        "EBIT": 5,
        "Net Income": 3
    },
    "2012-06-30": {
        "Diluted EPS": 0.39,
        "Total Revenue": 34,
        "Gross Profit": 10,
        "Operating Income": 4,
        "EBIT": 5,
        "Net Income": 3
    },
    "2012-03-31": {
        "Diluted EPS": 0.33,
        "Total Revenue": 32,
        "Gross Profit": 9,
        "Operating Income": 4,
        "EBIT": 4,
        "Net Income": 2
    },
    "2011-12-31": {
        "Diluted EPS": 0.42,
        "Total Revenue": 31,
        "Gross Profit": 9,
        "Operating Income": 4,
        "EBIT": 5,
        "Net Income": 3
    },
    "2011-09-30": {
        "Diluted EPS": 0.35,
        "Total Revenue": 31,
        "Gross Profit": 8,
        "Operating Income": 3,
        "EBIT": 4,
        "Net Income": 2
    },
    "2011-06-30": {
        "Diluted EPS": 0.39,
        "Total Revenue": 34,
        "Gross Profit": 10,
        "Operating Income": 4,
        "EBIT": 5,
        "Net Income": 3
    },
    "2011-03-31": {
        "Diluted EPS": 0.32,
        "Total Revenue": 32,
        "Gross Profit": 9,
        "Operating Income": 4,
        "EBIT": 5,
        "Net Income": 2
    },
    "2010-12-31": {
        "Diluted EPS": 0.45,
        "Total Revenue": 32,
        "Gross Profit": 9,
        "Operating Income": 4,
        "EBIT": 5,
        "Net Income": 3
    },
    "2010-09-30": {
        "Diluted EPS": 0.35,
        "Total Revenue": 30,
        "Gross Profit": 9,
        "Operating Income": 4,
        "EBIT": 5,
        "Net Income": 2
    },
    "2010-06-30": {
        "Diluted EPS": 0.34,
        "Total Revenue": 30,
        "Gross Profit": 9,
        "Operating Income": 4,
        "EBIT": 4,
        "Net Income": 2
    },
    "2010-03-31": {
        "Diluted EPS": 0.23,
        "Total Revenue": 29,
        "Gross Profit": 7,
        "Operating Income": 2,
        "EBIT": 3,
        "Net Income": 2
    },
    "2009-12-31": {
        "Diluted EPS": 0.45,
        "Total Revenue": 29,
        "Gross Profit": 9,
        "Operating Income": 4,
        "EBIT": 5,
        "Net Income": 3
    },
    "2009-09-30": {
        "Diluted EPS": 0.34,
        "Total Revenue": 28,
        "Gross Profit": 7,
        "Operating Income": 2,
        "EBIT": 3,
        "Net Income": 2
    },
    "2009-06-30": {
        "Diluted EPS": 0.09,
        "Total Revenue": 21,
        "Gross Profit": 5,
        "Operating Income": 1,
        "EBIT": 2,
        "Net Income": 1
    },
    "2009-03-31": {
        "Diluted EPS": 0.06,
        "Total Revenue": 22,
        "Gross Profit": 5,
        "Operating Income": 1,
        "EBIT": 1,
        "Net Income": 0
    },
    "2023-06-30": {
        "Tax Effect Of Unusual Items": -77841.35729,
        "Tax Rate For Calcs": 0.256057,
        "Normalized EBITDA": 20196000.0,
        "Total Unusual Items": -304000.0,
        "Total Unusual Items Excluding Goodwill": -304000.0,
        "Net Income From Continuing Operation Net Minority Interest": 11883000.0,
        "Reconciled Depreciation": 2830000.0,
        "Reconciled Cost Of Revenue": 70392000.0,
        "EBITDA": 19892000.0,
        "EBIT": 17062000.0,
        "Net Interest Income": -1089000.0,
        "Interest Expense": 1089000.0,
        "Interest Income": NaN,
        "Normalized Income": 12109158.64271,
        "Net Income From Continuing And Discontinued Operation": 11883000.0,
        "Total Expenses": 82691000.0,
        "Total Operating Income As Reported": 17042000.0,
        "Diluted Average Shares": 7690000.0,
        "Basic Average Shares": 7625000.0,
        "Diluted EPS": 1.55,
        "Basic EPS": 1.56,
        "Diluted NI Availto Com Stockholders": 11883000.0,
        "Net Income Common Stockholders": 11883000.0,
        "Net Income": 11883000.0,
        "Net Income Including Noncontrolling Interests": 11883000.0,
        "Net Income Continuous Operations": 11883000.0,
        "Tax Provision": 4090000.0,
        "Pretax Income": 15973000.0,
        "Other Income Expense": -284000.0,
        "Other Non Operating Income Expenses": 20000.0,
        "Special Income Charges": -304000.0,
        "Gain On Sale Of Ppe": -106000.0,
        "Gain On Sale Of Business": NaN,
        "Restructuring And Mergern Acquisition": 198000.0,
        "Net Non Operating Interest Income Expense": -1089000.0,
        "Interest Expense Non Operating": 1089000.0,
        "Interest Income Non Operating": NaN,
        "Operating Income": 17346000.0,
        "Operating Expense": 12299000.0,
        "Selling General And Administration": 12299000.0,
        "Gross Profit": 29645000.0,
        "Cost Of Revenue": 70392000.0,
        "Total Revenue": 100037000.0,
        "Operating Revenue": 100037000.0
    },
    "2023-09-30": {
        "Tax Effect Of Unusual Items": -41184.216109,
        "Tax Rate For Calcs": 0.173043,
        "Normalized EBITDA": 18151000.0,
        "Total Unusual Items": -238000.0,
        "Total Unusual Items Excluding Goodwill": -238000.0,
        "Net Income From Continuing Operation Net Minority Interest": 11694000.0,
        "Reconciled Depreciation": 2839000.0,
        "Reconciled Cost Of Revenue": 73034000.0,
        "EBITDA": 17913000.0,
        "EBIT": 15074000.0,
        "Net Interest Income": -933000.0,
        "Interest Expense": 933000.0,
        "Interest Income": NaN,
        "Normalized Income": 11890815.783891,
        "Net Income From Continuing And Discontinued Operation": 11694000.0,
        "Total Expenses": 85501000.0,
        "Total Operating Income As Reported": 15045000.0,
        "Diluted Average Shares": 7709000.0,
        "Basic Average Shares": 7639000.0,
        "Diluted EPS": 1.52,
        "Basic EPS": 1.53,
        "Diluted NI Availto Com Stockholders": 11694000.0,
        "Net Income Common Stockholders": 11694000.0,
        "Net Income": 11694000.0,
        "Net Income Including Noncontrolling Interests": 11694000.0,
        "Net Income Continuous Operations": 11694000.0,
        "Tax Provision": 2447000.0,
        "Pretax Income": 14141000.0,
        "Other Income Expense": -209000.0,
        "Other Non Operating Income Expenses": 29000.0,
        "Special Income Charges": -238000.0,
        "Gain On Sale Of Ppe": 0.0,
        "Gain On Sale Of Business": 0.0,
        "Restructuring And Mergern Acquisition": 238000.0,
        "Net Non Operating Interest Income Expense": -933000.0,
        "Interest Expense Non Operating": 933000.0,
        "Interest Income Non Operating": NaN,
        "Operating Income": 15283000.0,
        "Operating Expense": 12467000.0,
        "Selling General And Administration": 12467000.0,
        "Gross Profit": 27750000.0,
        "Cost Of Revenue": 73034000.0,
        "Total Revenue": 100784000.0,
        "Operating Revenue": 100784000.0
    },
    "2023-12-31": {
        "Tax Effect Of Unusual Items": -6567.440296,
        "Tax Rate For Calcs": 0.023882,
        "Normalized EBITDA": 15883000.0,
        "Total Unusual Items": -275000.0,
        "Total Unusual Items Excluding Goodwill": -275000.0,
        "Net Income From Continuing Operation Net Minority Interest": 11608000.0,
        "Reconciled Depreciation": 2961000.0,
        "Reconciled Cost Of Revenue": 75368000.0,
        "EBITDA": 15608000.0,
        "EBIT": 12647000.0,
        "Net Interest Income": -755000.0,
        "Interest Expense": 755000.0,
        "Interest Income": NaN,
        "Normalized Income": 11876432.559704,
        "Net Income From Continuing And Discontinued Operation": 11608000.0,
        "Total Expenses": 88486000.0,
        "Total Operating Income As Reported": 12736000.0,
        "Diluted Average Shares": 7712000.0,
        "Basic Average Shares": 7639000.0,
        "Diluted EPS": 1.51,
        "Basic EPS": 1.52,
        "Diluted NI Availto Com Stockholders": 11608000.0,
        "Net Income Common Stockholders": 11608000.0,
        "Net Income": 11608000.0,
        "Net Income Including Noncontrolling Interests": 11608000.0,
        "Net Income Continuous Operations": 11608000.0,
        "Tax Provision": 284000.0,
        "Pretax Income": 11892000.0,
        "Other Income Expense": -364000.0,
        "Other Non Operating Income Expenses": -89000.0,
        "Special Income Charges": -275000.0,
        "Gain On Sale Of Ppe": -37000.0,
        "Gain On Sale Of Business": 0.0,
        "Restructuring And Mergern Acquisition": 238000.0,
        "Net Non Operating Interest Income Expense": -755000.0,
        "Interest Expense Non Operating": 755000.0,
        "Interest Income Non Operating": NaN,
        "Operating Income": 13011000.0,
        "Operating Expense": 13118000.0,
        "Selling General And Administration": 13118000.0,
        "Gross Profit": 26129000.0,
        "Cost Of Revenue": 75368000.0,
        "Total Revenue": 101497000.0,
        "Operating Revenue": 101497000.0
    },
    "2024-03-31": {
        "Tax Effect Of Unusual Items": -42554.548419,
        "Tax Rate For Calcs": 0.172286,
        "Normalized EBITDA": 19212000.0,
        "Total Unusual Items": -247000.0,
        "Total Unusual Items Excluding Goodwill": -247000.0,
        "Net Income From Continuing Operation Net Minority Interest": 12693000.0,
        "Reconciled Depreciation": 2999000.0,
        "Reconciled Cost Of Revenue": 74926000.0,
        "EBITDA": 18965000.0,
        "EBIT": 15966000.0,
        "Net Interest Income": -631000.0,
        "Interest Expense": 631000.0,
        "Interest Income": NaN,
        "Normalized Income": 12897445.451581,
        "Net Income From Continuing And Discontinued Operation": 12693000.0,
        "Total Expenses": 88838000.0,
        "Total Operating Income As Reported": 15924000.0,
        "Diluted Average Shares": 7737000.0,
        "Basic Average Shares": 7651000.0,
        "Diluted EPS": 1.64,
        "Basic EPS": 1.66,
        "Diluted NI Availto Com Stockholders": 12693000.0,
        "Net Income Common Stockholders": 12693000.0,
        "Net Income": 12693000.0,
        "Net Income Including Noncontrolling Interests": 12693000.0,
        "Net Income Continuous Operations": 12693000.0,
        "Tax Provision": 2642000.0,
        "Pretax Income": 15335000.0,
        "Other Income Expense": -205000.0,
        "Other Non Operating Income Expenses": 42000.0,
        "Special Income Charges": -247000.0,
        "Gain On Sale Of Ppe": -9000.0,
        "Gain On Sale Of Business": NaN,
        "Restructuring And Mergern Acquisition": 238000.0,
        "Net Non Operating Interest Income Expense": -631000.0,
        "Interest Expense Non Operating": 631000.0,
        "Interest Income Non Operating": NaN,
        "Operating Income": 16171000.0,
        "Operating Expense": 13912000.0,
        "Selling General And Administration": 13912000.0,
        "Gross Profit": 30083000.0,
        "Cost Of Revenue": 74926000.0,
        "Total Revenue": 105009000.0,
        "Operating Revenue": 105009000.0
    }
}