{
    "2023-03-31": {
        "Tax Effect Of Unusual Items": NaN,
        "Tax Rate For Calcs": NaN,
        "Normalized EBITDA": NaN,
        "Total Unusual Items": NaN,
        "Total Unusual Items Excluding Goodwill": NaN,
        "Net Income From Continuing Operation Net Minority Interest": NaN,
        "Reconciled Depreciation": NaN,
        "Reconciled Cost Of Revenue": NaN,
        "EBITDA": NaN,
        "EBIT": NaN,
        "Net Interest Income": NaN,
        "Interest Expense": NaN,
        "Interest Income": NaN,
        "Normalized Income": NaN,
        "Net Income From Continuing And Discontinued Operation": NaN,
        "Total Expenses": NaN,
        "Rent Expense Supplemental": NaN,
        "Total Operating Income As Reported": NaN,
        "Diluted Average Shares": 196077880.0,
        "Basic Average Shares": 196077880.0,
        "Diluted EPS": 0.016,
        "Basic EPS": 0.016,
        "Diluted NI Availto Com Stockholders": NaN,
        "Net Income Common Stockholders": NaN,
        "Otherunder Preferred Stock Dividend": NaN,
        "Net Income": NaN,
        "Net Income Including Noncontrolling Interests": NaN,
        "Net Income Continuous Operations": NaN,
        "Tax Provision": NaN,
        "Pretax Income": NaN,
        "Other Income Expense": NaN,
        "Other Non Operating Income Expenses": -304000.0,
        "Special Income Charges": NaN,
        "Gain On Sale Of Ppe": NaN,
        "Other Special Charges": 0.0,
        "Restructuring And Mergern Acquisition": NaN,
        "Gain On Sale Of Security": NaN,
        "Net Non Operating Interest Income Expense": NaN,
        "Total Other Finance Cost": NaN,
        "Interest Expense Non Operating": NaN,
        "Interest Income Non Operating": NaN,
        "Operating Income": NaN,
        "Operating Expense": NaN,
        "Other Operating Expenses": NaN,
        "Depreciation Amortization Depletion Income Statement": NaN,
        "Depreciation And Amortization In Income Statement": NaN,
        "Depreciation Income Statement": NaN,
        "Selling General And Administration": NaN,
        "General And Administrative Expense": NaN,
        "Rent And Landing Fees": NaN,
        "Salaries And Wages": NaN,
        "Gross Profit": NaN,
        "Cost Of Revenue": NaN,
        "Total Revenue": NaN,
        "Operating Revenue": NaN
    },
    "2022-12-31": {
        "Tax Effect Of Unusual Items": NaN,
        "Tax Rate For Calcs": NaN,
        "Normalized EBITDA": NaN,
        "Total Unusual Items": NaN,
        "Total Unusual Items Excluding Goodwill": NaN,
        "Net Income From Continuing Operation Net Minority Interest": NaN,
        "Reconciled Depreciation": NaN,
        "Reconciled Cost Of Revenue": NaN,
        "EBITDA": NaN,
        "EBIT": NaN,
        "Net Interest Income": NaN,
        "Interest Expense": NaN,
        "Interest Income": NaN,
        "Normalized Income": NaN,
        "Net Income From Continuing And Discontinued Operation": NaN,
        "Total Expenses": NaN,
        "Rent Expense Supplemental": NaN,
        "Total Operating Income As Reported": NaN,
        "Diluted Average Shares": NaN,
        "Basic Average Shares": NaN,
        "Diluted EPS": NaN,
        "Basic EPS": NaN,
        "Diluted NI Availto Com Stockholders": NaN,
        "Net Income Common Stockholders": NaN,
        "Otherunder Preferred Stock Dividend": NaN,
        "Preferred Stock Dividends": 7059000.0,
        "Net Income": NaN,
        "Net Income Including Noncontrolling Interests": NaN,
        "Net Income Continuous Operations": NaN,
        "Tax Provision": NaN,
        "Pretax Income": NaN,
        "Other Income Expense": NaN,
        "Other Non Operating Income Expenses": NaN,
        "Special Income Charges": NaN,
        "Gain On Sale Of Ppe": 70504000.0,
        "Other Special Charges": 50000.0,
        "Restructuring And Mergern Acquisition": NaN,
        "Gain On Sale Of Security": NaN,
        "Net Non Operating Interest Income Expense": NaN,
        "Total Other Finance Cost": NaN,
        "Interest Expense Non Operating": NaN,
        "Interest Income Non Operating": NaN,
        "Operating Income": NaN,
        "Operating Expense": NaN,
        "Other Operating Expenses": NaN,
        "Depreciation Amortization Depletion Income Statement": NaN,
        "Depreciation And Amortization In Income Statement": NaN,
        "Depreciation Income Statement": NaN,
        "Selling General And Administration": NaN,
        "General And Administrative Expense": NaN,
        "Rent And Landing Fees": NaN,
        "Salaries And Wages": 6979000.0,
        "Gross Profit": NaN,
        "Cost Of Revenue": NaN,
        "Total Revenue": NaN,
        "Operating Revenue": NaN
    },
    "2022-09-30": {
        "Tax Effect Of Unusual Items": NaN,
        "Tax Rate For Calcs": NaN,
        "Normalized EBITDA": NaN,
        "Total Unusual Items": NaN,
        "Total Unusual Items Excluding Goodwill": NaN,
        "Net Income From Continuing Operation Net Minority Interest": NaN,
        "Reconciled Depreciation": NaN,
        "Reconciled Cost Of Revenue": NaN,
        "EBITDA": NaN,
        "EBIT": NaN,
        "Net Interest Income": NaN,
        "Interest Expense": NaN,
        "Interest Income": NaN,
        "Normalized Income": NaN,
        "Net Income From Continuing And Discontinued Operation": NaN,
        "Total Expenses": NaN,
        "Rent Expense Supplemental": NaN,
        "Total Operating Income As Reported": NaN,
        "Diluted Average Shares": NaN,
        "Basic Average Shares": NaN,
        "Diluted EPS": NaN,
        "Basic EPS": NaN,
        "Diluted NI Availto Com Stockholders": NaN,
        "Net Income Common Stockholders": NaN,
        "Otherunder Preferred Stock Dividend": NaN,
        "Preferred Stock Dividends": NaN,
        "Net Income": NaN,
        "Net Income Including Noncontrolling Interests": NaN,
        "Net Income Continuous Operations": NaN,
        "Tax Provision": NaN,
        "Pretax Income": NaN,
        "Other Income Expense": NaN,
        "Other Non Operating Income Expenses": NaN,
        "Special Income Charges": NaN,
        "Gain On Sale Of Ppe": 64343000.0,
        "Other Special Charges": 959000.0,
        "Restructuring And Mergern Acquisition": NaN,
        "Gain On Sale Of Security": NaN,
        "Net Non Operating Interest Income Expense": NaN,
        "Total Other Finance Cost": NaN,
        "Interest Expense Non Operating": NaN,
        "Interest Income Non Operating": NaN,
        "Operating Income": NaN,
        "Operating Expense": NaN,
        "Other Operating Expenses": NaN,
        "Depreciation Amortization Depletion Income Statement": NaN,
        "Depreciation And Amortization In Income Statement": NaN,
        "Depreciation Income Statement": NaN,
        "Selling General And Administration": NaN,
        "General And Administrative Expense": NaN,
        "Rent And Landing Fees": NaN,
        "Salaries And Wages": 6972000.0,
        "Gross Profit": NaN,
        "Cost Of Revenue": NaN,
        "Total Revenue": NaN,
        "Operating Revenue": NaN
    },
    "2022-06-30": {
        "Tax Effect Of Unusual Items": -559959.683124,
        "Tax Rate For Calcs": 0.242722,
        "Normalized EBITDA": 669860000.0,
        "Total Unusual Items": -2307000.0,
        "Total Unusual Items Excluding Goodwill": -2307000.0,
        "Net Income From Continuing Operation Net Minority Interest": 334002000.0,
        "Reconciled Depreciation": 178144000.0,
        "Reconciled Cost Of Revenue": 15323000.0,
        "EBITDA": 667553000.0,
        "EBIT": 489409000.0,
        "Net Interest Income": -49799000.0,
        "Interest Expense": 48353000.0,
        "Interest Income": NaN,
        "Normalized Income": 335749040.316876,
        "Net Income From Continuing And Discontinued Operation": 334002000.0,
        "Total Expenses": 1096702000.0,
        "Rent Expense Supplemental": 7475000.0,
        "Total Operating Income As Reported": 491159000.0,
        "Diluted Average Shares": 196077880.0,
        "Basic Average Shares": 196077880.0,
        "Diluted EPS": 2.18,
        "Basic EPS": 2.18,
        "Diluted NI Availto Com Stockholders": 334002000.0,
        "Net Income Common Stockholders": 334002000.0,
        "Otherunder Preferred Stock Dividend": NaN,
        "Preferred Stock Dividends": NaN,
        "Net Income": 334002000.0,
        "Net Income Including Noncontrolling Interests": 334002000.0,
        "Net Income Continuous Operations": 334002000.0,
        "Tax Provision": 107054000.0,
        "Pretax Income": 441056000.0,
        "Other Income Expense": -10283000.0,
        "Other Non Operating Income Expenses": -7976000.0,
        "Special Income Charges": -7672000.0,
        "Gain On Sale Of Ppe": NaN,
        "Other Special Charges": NaN,
        "Restructuring And Mergern Acquisition": 7672000.0,
        "Gain On Sale Of Security": -2307000.0,
        "Net Non Operating Interest Income Expense": -49799000.0,
        "Total Other Finance Cost": 1446000.0,
        "Interest Expense Non Operating": 48353000.0,
        "Interest Income Non Operating": NaN,
        "Operating Income": 501138000.0,
        "Operating Expense": 1017031000.0,
        "Other Operating Expenses": 851660000.0,
        "Depreciation Amortization Depletion Income Statement": 113796000.0,
        "Depreciation And Amortization In Income Statement": 113796000.0,
        "Depreciation Income Statement": 113796000.0,
        "Selling General And Administration": 51575000.0,
        "General And Administrative Expense": 51575000.0,
        "Rent And Landing Fees": 7475000.0,
        "Salaries And Wages": 44100000.0,
        "Gross Profit": 1518169000.0,
        "Cost Of Revenue": 79671000.0,
        "Total Revenue": 1597840000.0,
        "Operating Revenue": 1461768000.0
    },
    "2022-03-31": {
        "Diluted EPS": 0.44,
        "Total Revenue": NaN,
        "Gross Profit": 293,
        "Operating Income": 155,
        "EBIT": 350,
        "Net Income": 87
    },
    "2021-12-31": {
        "Diluted EPS": 1.44,
        "Total Revenue": NaN,
        "Gross Profit": 537,
        "Operating Income": 417,
        "EBIT": 607,
        "Net Income": 281
    },
    "2021-09-30": {
        "Diluted EPS": 2.09,
        "Total Revenue": NaN,
        "Gross Profit": 729,
        "Operating Income": 579,
        "EBIT": 764,
        "Net Income": 410
    },
    "2021-06-30": {
        "Diluted EPS": 1.76,
        "Total Revenue": NaN,
        "Gross Profit": 628,
        "Operating Income": 494,
        "EBIT": 681,
        "Net Income": 345
    },
    "2021-03-31": {
        "Diluted EPS": 0.38,
        "Total Revenue": NaN,
        "Gross Profit": 301,
        "Operating Income": 131,
        "EBIT": 314,
        "Net Income": 74
    },
    "2020-12-31": {
        "Diluted EPS": 0.93,
        "Total Revenue": NaN,
        "Gross Profit": 452,
        "Operating Income": 284,
        "EBIT": 459,
        "Net Income": 183
    },
    "2020-09-30": {
        "Diluted EPS": 1.36,
        "Total Revenue": NaN,
        "Gross Profit": 545,
        "Operating Income": 392,
        "EBIT": 568,
        "Net Income": 266
    },
    "2020-06-30": {
        "Diluted EPS": 0.45,
        "Total Revenue": 987,
        "Gross Profit": 333,
        "Operating Income": 154,
        "EBIT": 333,
        "Net Income": 88
    },
    "2020-03-31": {
        "Diluted EPS": 0.62,
        "Total Revenue": 822,
        "Gross Profit": 194,
        "Operating Income": 1,
        "EBIT": 186,
        "Net Income": 122
    },
    "2019-12-31": {
        "Diluted EPS": 0.16,
        "Total Revenue": 928,
        "Gross Profit": 266,
        "Operating Income": 81,
        "EBIT": 261,
        "Net Income": 31
    },
    "2019-09-30": {
        "Diluted EPS": 0.8,
        "Total Revenue": NaN,
        "Gross Profit": 409,
        "Operating Income": 245,
        "EBIT": 425,
        "Net Income": 156
    },
    "2019-06-30": {
        "Diluted EPS": 0.68,
        "Total Revenue": NaN,
        "Gross Profit": 366,
        "Operating Income": 214,
        "EBIT": 382,
        "Net Income": 132
    },
    "2019-03-31": {
        "Diluted EPS": 0.0,
        "Total Revenue": 726,
        "Gross Profit": 198,
        "Operating Income": 27,
        "EBIT": 191,
        "Net Income": 1
    },
    "2018-12-31": {
        "Diluted EPS": 0.4,
        "Total Revenue": 919,
        "Gross Profit": 296,
        "Operating Income": 138,
        "EBIT": 293,
        "Net Income": 79
    },
    "2018-09-30": {
        "Diluted EPS": 0.84,
        "Total Revenue": NaN,
        "Gross Profit": 398,
        "Operating Income": 251,
        "EBIT": 406,
        "Net Income": 164
    },
    "2018-06-30": {
        "Diluted EPS": 0.65,
        "Total Revenue": NaN,
        "Gross Profit": 345,
        "Operating Income": 205,
        "EBIT": 358,
        "Net Income": 128
    },
    "2018-03-31": {
        "Diluted EPS": 0.06,
        "Total Revenue": 758,
        "Gross Profit": 161,
        "Operating Income": 3,
        "EBIT": 167,
        "Net Income": 11
    },
    "2017-12-31": {
        "Diluted EPS": 2.7,
        "Total Revenue": 843,
        "Gross Profit": 262,
        "Operating Income": 303,
        "EBIT": 452,
        "Net Income": 529
    },
    "2017-09-30": {
        "Diluted EPS": 0.64,
        "Total Revenue": NaN,
        "Gross Profit": 377,
        "Operating Income": 230,
        "EBIT": 375,
        "Net Income": 125
    },
    "2017-06-30": {
        "Diluted EPS": 0.64,
        "Total Revenue": 958,
        "Gross Profit": 371,
        "Operating Income": 229,
        "EBIT": 368,
        "Net Income": 126
    },
    "2017-03-31": {
        "Diluted EPS": 0.05,
        "Total Revenue": 709,
        "Gross Profit": 184,
        "Operating Income": 45,
        "EBIT": 192,
        "Net Income": 10
    },
    "2016-12-31": {
        "Diluted EPS": 0.33,
        "Total Revenue": 790,
        "Gross Profit": 262,
        "Operating Income": 132,
        "EBIT": 259,
        "Net Income": 65
    },
    "2016-09-30": {
        "Diluted EPS": 0.9,
        "Total Revenue": 999,
        "Gross Profit": 432,
        "Operating Income": 307,
        "EBIT": 433,
        "Net Income": 176
    },
    "2016-06-30": {
        "Diluted EPS": 0.75,
        "Total Revenue": 923,
        "Gross Profit": 374,
        "Operating Income": 260,
        "EBIT": 382,
        "Net Income": 147
    },
    "2016-03-31": {
        "Diluted EPS": 0.27,
        "Total Revenue": 683,
        "Gross Profit": 215,
        "Operating Income": 107,
        "EBIT": 217,
        "Net Income": 53
    },
    "2015-12-31": {
        "Diluted EPS": 0.42,
        "Total Revenue": 745,
        "Gross Profit": 259,
        "Operating Income": 158,
        "EBIT": 259,
        "Net Income": 82
    },
    "2015-09-30": {
        "Diluted EPS": 0.94,
        "Total Revenue": 963,
        "Gross Profit": 393,
        "Operating Income": 311,
        "EBIT": 413,
        "Net Income": 183
    },
    "2015-06-30": {
        "Diluted EPS": 0.87,
        "Total Revenue": 885,
        "Gross Profit": 364,
        "Operating Income": 291,
        "EBIT": 394,
        "Net Income": 171
    },
    "2015-03-31": {
        "Diluted EPS": 0.05,
        "Total Revenue": 643,
        "Gross Profit": 128,
        "Operating Income": 35,
        "EBIT": 138,
        "Net Income": 9
    },
    "2014-12-31": {
        "Diluted EPS": 0.34,
        "Total Revenue": 706,
        "Gross Profit": 238,
        "Operating Income": 133,
        "EBIT": 225,
        "Net Income": 67
    },
    "2014-09-30": {
        "Diluted EPS": 0.8,
        "Total Revenue": 906,
        "Gross Profit": 367,
        "Operating Income": 276,
        "EBIT": 369,
        "Net Income": 156
    },
    "2014-06-30": {
        "Diluted EPS": 0.64,
        "Total Revenue": 819,
        "Gross Profit": 307,
        "Operating Income": 219,
        "EBIT": 307,
        "Net Income": 124
    },
    "2014-03-31": {
        "Diluted EPS": 0.2,
        "Total Revenue": 602,
        "Gross Profit": 179,
        "Operating Income": 82,
        "EBIT": 167,
        "Net Income": 39
    },
    "2013-12-31": {
        "Diluted EPS": 0.27,
        "Total Revenue": 645,
        "Gross Profit": 206,
        "Operating Income": 106,
        "EBIT": 183,
        "Net Income": 52
    },
    "2013-09-30": {
        "Diluted EPS": 0.71,
        "Total Revenue": 839,
        "Gross Profit": 335,
        "Operating Income": 240,
        "EBIT": 319,
        "Net Income": 138
    },
    "2013-06-30": {
        "Diluted EPS": 0.58,
        "Total Revenue": 749,
        "Gross Profit": 291,
        "Operating Income": 202,
        "EBIT": 275,
        "Net Income": 113
    },
    "2013-03-31": {
        "Diluted EPS": 0.19,
        "Total Revenue": 564,
        "Gross Profit": 168,
        "Operating Income": 72,
        "EBIT": 148,
        "Net Income": 38
    },
    "2012-12-31": {
        "Diluted EPS": 0.19,
        "Total Revenue": 582,
        "Gross Profit": 175,
        "Operating Income": 82,
        "EBIT": 150,
        "Net Income": 37
    },
    "2012-09-30": {
        "Diluted EPS": 0.56,
        "Total Revenue": 744,
        "Gross Profit": 286,
        "Operating Income": 194,
        "EBIT": 262,
        "Net Income": 109
    },
    "2012-06-30": {
        "Diluted EPS": 0.41,
        "Total Revenue": 668,
        "Gross Profit": 243,
        "Operating Income": 151,
        "EBIT": 217,
        "Net Income": 81
    },
    "2012-03-31": {
        "Diluted EPS": 0.13,
        "Total Revenue": 533,
        "Gross Profit": 154,
        "Operating Income": 58,
        "EBIT": 124,
        "Net Income": 25
    },
    "2011-12-31": {
        "Diluted EPS": 0.0,
        "Total Revenue": 633,
        "Gross Profit": 117,
        "Operating Income": 25,
        "EBIT": 86,
        "Net Income": 1
    },
    "2011-09-30": {
        "Diluted EPS": 0.52,
        "Total Revenue": 703,
        "Gross Profit": 268,
        "Operating Income": 184,
        "EBIT": 243,
        "Net Income": 101
    },
    "2011-06-30": {
        "Diluted EPS": 0.36,
        "Total Revenue": 643,
        "Gross Profit": 231,
        "Operating Income": 148,
        "EBIT": 207,
        "Net Income": 69
    },
    "2011-03-31": {
        "Diluted EPS": 0.05,
        "Total Revenue": 498,
        "Gross Profit": 130,
        "Operating Income": 40,
        "EBIT": 97,
        "Net Income": 10
    },
    "2010-12-31": {
        "Diluted EPS": 0.08,
        "Total Revenue": 530,
        "Gross Profit": 142,
        "Operating Income": 51,
        "EBIT": 106,
        "Net Income": 16
    },
    "2010-09-30": {
        "Diluted EPS": 0.42,
        "Total Revenue": 637,
        "Gross Profit": 242,
        "Operating Income": 158,
        "EBIT": 213,
        "Net Income": 82
    },
    "2010-06-30": {
        "Diluted EPS": 0.33,
        "Total Revenue": 586,
        "Gross Profit": 214,
        "Operating Income": 128,
        "EBIT": 183,
        "Net Income": 63
    },
    "2010-03-31": {
        "Diluted EPS": -0.04,
        "Total Revenue": 444,
        "Gross Profit": 105,
        "Operating Income": 10,
        "EBIT": 66,
        "Net Income": -8
    },
    "2009-12-31": {
        "Diluted EPS": 0.0,
        "Total Revenue": 464,
        "Gross Profit": 126,
        "Operating Income": 29,
        "EBIT": 87,
        "Net Income": 0
    },
    "2009-09-30": {
        "Diluted EPS": 0.21,
        "Total Revenue": 574,
        "Gross Profit": 195,
        "Operating Income": 96,
        "EBIT": 158,
        "Net Income": 42
    },
    "2009-06-30": {
        "Diluted EPS": 0.1,
        "Total Revenue": 521,
        "Gross Profit": 160,
        "Operating Income": 59,
        "EBIT": 119,
        "Net Income": 20
    },
    "2009-03-31": {
        "Diluted EPS": -0.2,
        "Total Revenue": 415,
        "Gross Profit": 79,
        "Operating Income": -32,
        "EBIT": 37,
        "Net Income": -39
    },
    "2023-06-30": {
        "Tax Effect Of Unusual Items": 11275990.0,
        "Tax Rate For Calcs": 0.242,
        "Normalized EBITDA": 545912000.0,
        "Total Unusual Items": 46595000.0,
        "Total Unusual Items Excluding Goodwill": 46595000.0,
        "Net Income From Continuing Operation Net Minority Interest": 256838000.0,
        "Reconciled Depreciation": 193475000.0,
        "Reconciled Cost Of Revenue": 222946000.0,
        "EBITDA": 592507000.0,
        "EBIT": 399032000.0,
        "Net Interest Income": -60598000.0,
        "Interest Expense": 60337000.0,
        "Interest Income": 1150000.0,
        "Normalized Income": 221518990.0,
        "Net Income From Continuing And Discontinued Operation": 256838000.0,
        "Total Expenses": 1187610000.0,
        "Rent Expense Supplemental": 7583000.0,
        "Total Operating Income As Reported": 399658000.0,
        "Diluted Average Shares": 196077880.0,
        "Basic Average Shares": 196077880.0,
        "Diluted EPS": 1.27,
        "Basic EPS": 1.27,
        "Diluted NI Availto Com Stockholders": 249779000.0,
        "Net Income Common Stockholders": 249779000.0,
        "Otherunder Preferred Stock Dividend": 7059000.0,
        "Net Income": 256838000.0,
        "Net Income Including Noncontrolling Interests": 256838000.0,
        "Net Income Continuous Operations": 256838000.0,
        "Tax Provision": 81857000.0,
        "Pretax Income": 338695000.0,
        "Other Income Expense": 46595000.0,
        "Other Non Operating Income Expenses": -365000.0,
        "Special Income Charges": 47616000.0,
        "Gain On Sale Of Ppe": 55661000.0,
        "Other Special Charges": NaN,
        "Restructuring And Mergern Acquisition": 8045000.0,
        "Gain On Sale Of Security": -1021000.0,
        "Net Non Operating Interest Income Expense": -60598000.0,
        "Total Other Finance Cost": 1411000.0,
        "Interest Expense Non Operating": 60337000.0,
        "Interest Income Non Operating": 1150000.0,
        "Operating Income": 352698000.0,
        "Operating Expense": 964664000.0,
        "Other Operating Expenses": 763241000.0,
        "Depreciation Amortization Depletion Income Statement": 193475000.0,
        "Depreciation And Amortization In Income Statement": 193475000.0,
        "Depreciation Income Statement": 193475000.0,
        "Selling General And Administration": 7948000.0,
        "General And Administrative Expense": 7948000.0,
        "Rent And Landing Fees": 7583000.0,
        "Salaries And Wages": 365000.0,
        "Gross Profit": 1317362000.0,
        "Cost Of Revenue": 222946000.0,
        "Total Revenue": 1540308000.0,
        "Operating Revenue": 1416261000.0
    },
    "2023-09-30": {
        "Tax Effect Of Unusual Items": 9034178.32246,
        "Tax Rate For Calcs": 0.236114,
        "Normalized EBITDA": 584566000.0,
        "Total Unusual Items": 38262000.0,
        "Total Unusual Items Excluding Goodwill": 38262000.0,
        "Net Income From Continuing Operation Net Minority Interest": 273508000.0,
        "Reconciled Depreciation": 200925000.0,
        "Reconciled Cost Of Revenue": 221134000.0,
        "EBITDA": 622828000.0,
        "EBIT": 421903000.0,
        "Net Interest Income": -63943000.0,
        "Interest Expense": 63855000.0,
        "Interest Income": 1344000.0,
        "Normalized Income": 244280178.32246,
        "Net Income From Continuing And Discontinued Operation": 273508000.0,
        "Total Expenses": 1265767000.0,
        "Rent Expense Supplemental": 8450000.0,
        "Total Operating Income As Reported": 422355000.0,
        "Diluted Average Shares": 196077880.0,
        "Basic Average Shares": 196077880.0,
        "Diluted EPS": 1.36,
        "Basic EPS": 1.36,
        "Diluted NI Availto Com Stockholders": 266449000.0,
        "Net Income Common Stockholders": 266449000.0,
        "Otherunder Preferred Stock Dividend": 7059000.0,
        "Net Income": 273508000.0,
        "Net Income Including Noncontrolling Interests": 273508000.0,
        "Net Income Continuous Operations": 273508000.0,
        "Tax Provision": 84540000.0,
        "Pretax Income": 358048000.0,
        "Other Income Expense": 37898000.0,
        "Other Non Operating Income Expenses": -364000.0,
        "Special Income Charges": 39977000.0,
        "Gain On Sale Of Ppe": 46803000.0,
        "Other Special Charges": NaN,
        "Restructuring And Mergern Acquisition": 6826000.0,
        "Gain On Sale Of Security": -1715000.0,
        "Net Non Operating Interest Income Expense": -63943000.0,
        "Total Other Finance Cost": 1432000.0,
        "Interest Expense Non Operating": 63855000.0,
        "Interest Income Non Operating": 1344000.0,
        "Operating Income": 384093000.0,
        "Operating Expense": 1044633000.0,
        "Other Operating Expenses": 835258000.0,
        "Depreciation Amortization Depletion Income Statement": 200925000.0,
        "Depreciation And Amortization In Income Statement": 200925000.0,
        "Depreciation Income Statement": 200925000.0,
        "Selling General And Administration": 8450000.0,
        "General And Administrative Expense": 8450000.0,
        "Rent And Landing Fees": 8450000.0,
        "Salaries And Wages": NaN,
        "Gross Profit": 1428726000.0,
        "Cost Of Revenue": 221134000.0,
        "Total Revenue": 1649860000.0,
        "Operating Revenue": 1491940000.0
    },
    "2023-12-31": {
        "Tax Effect Of Unusual Items": 6932628.898153,
        "Tax Rate For Calcs": 0.235403,
        "Normalized EBITDA": 377215000.0,
        "Total Unusual Items": 29450000.0,
        "Total Unusual Items Excluding Goodwill": 29450000.0,
        "Net Income From Continuing Operation Net Minority Interest": 99224000.0,
        "Reconciled Depreciation": 209837000.0,
        "Reconciled Cost Of Revenue": 181986000.0,
        "EBITDA": 406665000.0,
        "EBIT": 196828000.0,
        "Net Interest Income": -67450000.0,
        "Interest Expense": 67055000.0,
        "Interest Income": 1473000.0,
        "Normalized Income": 76706628.898153,
        "Net Income From Continuing And Discontinued Operation": 99224000.0,
        "Total Expenses": 1171376000.0,
        "Rent Expense Supplemental": 9148000.0,
        "Total Operating Income As Reported": 197588000.0,
        "Diluted Average Shares": 196077880.0,
        "Basic Average Shares": 196077880.0,
        "Diluted EPS": 0.46,
        "Basic EPS": 0.46,
        "Diluted NI Availto Com Stockholders": 90401000.0,
        "Net Income Common Stockholders": 90401000.0,
        "Otherunder Preferred Stock Dividend": 8823000.0,
        "Net Income": 99224000.0,
        "Net Income Including Noncontrolling Interests": 99224000.0,
        "Net Income Continuous Operations": 99224000.0,
        "Tax Provision": 30549000.0,
        "Pretax Income": 129773000.0,
        "Other Income Expense": 29085000.0,
        "Other Non Operating Income Expenses": -365000.0,
        "Special Income Charges": 32034000.0,
        "Gain On Sale Of Ppe": 36189000.0,
        "Other Special Charges": NaN,
        "Restructuring And Mergern Acquisition": 4155000.0,
        "Gain On Sale Of Security": -2584000.0,
        "Net Non Operating Interest Income Expense": -67450000.0,
        "Total Other Finance Cost": 1868000.0,
        "Interest Expense Non Operating": 67055000.0,
        "Interest Income Non Operating": 1473000.0,
        "Operating Income": 168138000.0,
        "Operating Expense": 989390000.0,
        "Other Operating Expenses": 770405000.0,
        "Depreciation Amortization Depletion Income Statement": 209837000.0,
        "Depreciation And Amortization In Income Statement": 209837000.0,
        "Depreciation Income Statement": 209837000.0,
        "Selling General And Administration": 9148000.0,
        "General And Administrative Expense": 9148000.0,
        "Rent And Landing Fees": 9148000.0,
        "Salaries And Wages": NaN,
        "Gross Profit": 1157528000.0,
        "Cost Of Revenue": 181986000.0,
        "Total Revenue": 1339514000.0,
        "Operating Revenue": 1237321000.0
    },
    "2024-03-31": {
        "Tax Effect Of Unusual Items": -30756390.0,
        "Tax Rate For Calcs": 0.21,
        "Normalized EBITDA": 437984000.0,
        "Total Unusual Items": -146459000.0,
        "Total Unusual Items Excluding Goodwill": -146459000.0,
        "Net Income From Continuing Operation Net Minority Interest": -863000.0,
        "Reconciled Depreciation": 213652000.0,
        "Reconciled Cost Of Revenue": 12653000.0,
        "EBITDA": 291525000.0,
        "EBIT": 77873000.0,
        "Net Interest Income": 55837000.0,
        "Interest Expense": 64212000.0,
        "Interest Income": 121469000.0,
        "Normalized Income": 114839610.0,
        "Net Income From Continuing And Discontinued Operation": -863000.0,
        "Total Expenses": 991345000.0,
        "Rent Expense Supplemental": 7473000.0,
        "Total Operating Income As Reported": -41812000.0,
        "Diluted Average Shares": NaN,
        "Basic Average Shares": NaN,
        "Diluted EPS": NaN,
        "Basic EPS": NaN,
        "Diluted NI Availto Com Stockholders": -9687000.0,
        "Net Income Common Stockholders": -9687000.0,
        "Otherunder Preferred Stock Dividend": 8824000.0,
        "Net Income": -863000.0,
        "Net Income Including Noncontrolling Interests": -863000.0,
        "Net Income Continuous Operations": -863000.0,
        "Tax Provision": 14524000.0,
        "Pretax Income": 13661000.0,
        "Other Income Expense": -146823000.0,
        "Other Non Operating Income Expenses": -364000.0,
        "Special Income Charges": -143865000.0,
        "Gain On Sale Of Ppe": NaN,
        "Other Special Charges": NaN,
        "Restructuring And Mergern Acquisition": 5212000.0,
        "Gain On Sale Of Security": -2594000.0,
        "Net Non Operating Interest Income Expense": 55837000.0,
        "Total Other Finance Cost": 1420000.0,
        "Interest Expense Non Operating": 64212000.0,
        "Interest Income Non Operating": 121469000.0,
        "Operating Income": 104647000.0,
        "Operating Expense": 824734000.0,
        "Other Operating Expenses": 757567000.0,
        "Depreciation Amortization Depletion Income Statement": 59694000.0,
        "Depreciation And Amortization In Income Statement": 59694000.0,
        "Depreciation Income Statement": 59694000.0,
        "Selling General And Administration": 7473000.0,
        "General And Administrative Expense": 7473000.0,
        "Rent And Landing Fees": 7473000.0,
        "Salaries And Wages": NaN,
        "Gross Profit": 929381000.0,
        "Cost Of Revenue": 166611000.0,
        "Total Revenue": 1095992000.0,
        "Operating Revenue": 1014066000.0
    },
    "2024-06-30": {
        "Tax Effect Of Unusual Items": -113526.0,
        "Tax Rate For Calcs": 0.238,
        "Normalized EBITDA": 548316000.0,
        "Total Unusual Items": -477000.0,
        "Total Unusual Items Excluding Goodwill": -477000.0,
        "Net Income From Continuing Operation Net Minority Interest": 195417000.0,
        "Reconciled Depreciation": 224313000.0,
        "Reconciled Cost Of Revenue": 222591000.0,
        "EBITDA": 547839000.0,
        "EBIT": 323526000.0,
        "Net Interest Income": -48983000.0,
        "Interest Expense": 67134000.0,
        "Interest Income": 19660000.0,
        "Normalized Income": 195780474.0,
        "Net Income From Continuing And Discontinued Operation": 195417000.0,
        "Total Expenses": 1242638000.0,
        "Rent Expense Supplemental": 5605000.0,
        "Total Operating Income As Reported": 306242000.0,
        "Diluted Average Shares": 196077880.0,
        "Basic Average Shares": 196077880.0,
        "Diluted EPS": 0.95,
        "Basic EPS": 0.95,
        "Diluted NI Availto Com Stockholders": 186593000.0,
        "Net Income Common Stockholders": 186593000.0,
        "Otherunder Preferred Stock Dividend": 8824000.0,
        "Net Income": 195417000.0,
        "Net Income Including Noncontrolling Interests": 195417000.0,
        "Net Income Continuous Operations": 195417000.0,
        "Tax Provision": 60975000.0,
        "Pretax Income": 256392000.0,
        "Other Income Expense": -477000.0,
        "Other Non Operating Income Expenses": NaN,
        "Special Income Charges": 2627000.0,
        "Gain On Sale Of Ppe": 7768000.0,
        "Other Special Charges": 495000.0,
        "Restructuring And Mergern Acquisition": 4646000.0,
        "Gain On Sale Of Security": -3104000.0,
        "Net Non Operating Interest Income Expense": -48983000.0,
        "Total Other Finance Cost": 1509000.0,
        "Interest Expense Non Operating": 67134000.0,
        "Interest Income Non Operating": 19660000.0,
        "Operating Income": 305852000.0,
        "Operating Expense": 1020047000.0,
        "Other Operating Expenses": 789757000.0,
        "Depreciation Amortization Depletion Income Statement": 224313000.0,
        "Depreciation And Amortization In Income Statement": 224313000.0,
        "Depreciation Income Statement": 224313000.0,
        "Selling General And Administration": 5977000.0,
        "General And Administrative Expense": 5977000.0,
        "Rent And Landing Fees": 5605000.0,
        "Salaries And Wages": 372000.0,
        "Gross Profit": 1325899000.0,
        "Cost Of Revenue": 222591000.0,
        "Total Revenue": 1548490000.0,
        "Operating Revenue": 1415249000.0
    }
}