{
    "2023-03-31": {
        "Tax Effect Of Unusual Items": NaN,
        "Tax Rate For Calcs": NaN,
        "Normalized EBITDA": NaN,
        "Net Income From Continuing Operation Net Minority Interest": NaN,
        "Reconciled Depreciation": NaN,
        "Reconciled Cost Of Revenue": NaN,
        "EBITDA": NaN,
        "EBIT": NaN,
        "Net Interest Income": NaN,
        "Interest Expense": NaN,
        "Normalized Income": NaN,
        "Net Income From Continuing And Discontinued Operation": NaN,
        "Total Expenses": NaN,
        "Total Operating Income As Reported": NaN,
        "Diluted Average Shares": 60455000.0,
        "Basic Average Shares": 60441000.0,
        "Diluted EPS": 1.63,
        "Basic EPS": 1.63,
        "Diluted NI Availto Com Stockholders": NaN,
        "Net Income Common Stockholders": NaN,
        "Net Income": NaN,
        "Net Income Including Noncontrolling Interests": NaN,
        "Net Income Continuous Operations": NaN,
        "Tax Provision": NaN,
        "Pretax Income": NaN,
        "Net Non Operating Interest Income Expense": NaN,
        "Interest Expense Non Operating": NaN,
        "Operating Income": NaN,
        "Operating Expense": NaN,
        "Research And Development": NaN,
        "Selling General And Administration": NaN,
        "Gross Profit": NaN,
        "Cost Of Revenue": NaN,
        "Total Revenue": NaN,
        "Operating Revenue": NaN
    },
    "2022-12-31": {
        "Tax Effect Of Unusual Items": NaN,
        "Tax Rate For Calcs": NaN,
        "Normalized EBITDA": NaN,
        "Net Income From Continuing Operation Net Minority Interest": NaN,
        "Reconciled Depreciation": NaN,
        "Reconciled Cost Of Revenue": NaN,
        "EBITDA": NaN,
        "EBIT": NaN,
        "Net Interest Income": NaN,
        "Interest Expense": NaN,
        "Normalized Income": NaN,
        "Net Income From Continuing And Discontinued Operation": NaN,
        "Total Expenses": NaN,
        "Total Operating Income As Reported": NaN,
        "Diluted Average Shares": 60448000.0,
        "Basic Average Shares": 60429000.0,
        "Diluted EPS": 1.86,
        "Basic EPS": 1.86,
        "Diluted NI Availto Com Stockholders": NaN,
        "Net Income Common Stockholders": NaN,
        "Net Income": NaN,
        "Net Income Including Noncontrolling Interests": NaN,
        "Net Income Continuous Operations": NaN,
        "Tax Provision": NaN,
        "Pretax Income": NaN,
        "Net Non Operating Interest Income Expense": NaN,
        "Interest Expense Non Operating": NaN,
        "Operating Income": NaN,
        "Operating Expense": NaN,
        "Research And Development": NaN,
        "Selling General And Administration": NaN,
        "Gross Profit": NaN,
        "Cost Of Revenue": NaN,
        "Total Revenue": NaN,
        "Operating Revenue": NaN
    },
    "2022-09-30": {
        "Tax Effect Of Unusual Items": 0.0,
        "Tax Rate For Calcs": 0.163,
        "Normalized EBITDA": 125699000.0,
        "Net Income From Continuing Operation Net Minority Interest": 93182000.0,
        "Reconciled Depreciation": 3686000.0,
        "Reconciled Cost Of Revenue": 326715000.0,
        "EBITDA": 125699000.0,
        "EBIT": 122013000.0,
        "Net Interest Income": -10651000.0,
        "Interest Expense": 10651000.0,
        "Normalized Income": 93182000.0,
        "Net Income From Continuing And Discontinued Operation": 93182000.0,
        "Total Expenses": 376070000.0,
        "Total Operating Income As Reported": 122013000.0,
        "Diluted Average Shares": 60446000.0,
        "Basic Average Shares": 60427000.0,
        "Diluted EPS": 1.54,
        "Basic EPS": 1.54,
        "Diluted NI Availto Com Stockholders": 93182000.0,
        "Net Income Common Stockholders": 93182000.0,
        "Net Income": 93182000.0,
        "Net Income Including Noncontrolling Interests": 93182000.0,
        "Net Income Continuous Operations": 93182000.0,
        "Tax Provision": 18180000.0,
        "Pretax Income": 111362000.0,
        "Net Non Operating Interest Income Expense": -10651000.0,
        "Interest Expense Non Operating": 10651000.0,
        "Operating Income": 122013000.0,
        "Operating Expense": 49355000.0,
        "Research And Development": 32659000.0,
        "Selling General And Administration": 16696000.0,
        "Gross Profit": 171368000.0,
        "Cost Of Revenue": 326715000.0,
        "Total Revenue": 498083000.0,
        "Operating Revenue": 498083000.0
    },
    "2022-06-30": {
        "Tax Effect Of Unusual Items": 0.0,
        "Tax Rate For Calcs": 0.115116,
        "Normalized EBITDA": 112570000.0,
        "Net Income From Continuing Operation Net Minority Interest": 92504000.0,
        "Reconciled Depreciation": 3579000.0,
        "Reconciled Cost Of Revenue": 273511000.0,
        "EBITDA": 112570000.0,
        "EBIT": 112570000.0,
        "Net Interest Income": -8032000.0,
        "Interest Expense": 8032000.0,
        "Normalized Income": 92504000.0,
        "Net Income From Continuing And Discontinued Operation": 92504000.0,
        "Total Expenses": 330575000.0,
        "Total Operating Income As Reported": 112570000.0,
        "Diluted Average Shares": 60517000.0,
        "Basic Average Shares": 60489000.0,
        "Diluted EPS": 1.53,
        "Basic EPS": 1.53,
        "Diluted NI Availto Com Stockholders": 92504000.0,
        "Net Income Common Stockholders": 92504000.0,
        "Net Income": 92504000.0,
        "Net Income Including Noncontrolling Interests": 92504000.0,
        "Net Income Continuous Operations": 92504000.0,
        "Tax Provision": 12034000.0,
        "Pretax Income": 104538000.0,
        "Net Non Operating Interest Income Expense": -8032000.0,
        "Interest Expense Non Operating": 8032000.0,
        "Operating Income": 112570000.0,
        "Operating Expense": 57064000.0,
        "Research And Development": 37445000.0,
        "Selling General And Administration": 19619000.0,
        "Gross Profit": 169634000.0,
        "Cost Of Revenue": 273511000.0,
        "Total Revenue": 443145000.0,
        "Operating Revenue": 443145000.0
    },
    "2023-06-30": {
        "Tax Effect Of Unusual Items": 0.0,
        "Tax Rate For Calcs": 0.16438,
        "Normalized EBITDA": 148003000.0,
        "Net Income From Continuing Operation Net Minority Interest": 103677000.0,
        "Reconciled Depreciation": 4128000.0,
        "Reconciled Cost Of Revenue": 287758000.0,
        "EBITDA": 148003000.0,
        "EBIT": 143875000.0,
        "Net Interest Income": -19803000.0,
        "Interest Expense": 19803000.0,
        "Normalized Income": 103677000.0,
        "Net Income From Continuing And Discontinued Operation": 103677000.0,
        "Total Expenses": 347210000.0,
        "Total Operating Income As Reported": 143875000.0,
        "Diluted Average Shares": NaN,
        "Basic Average Shares": NaN,
        "Diluted EPS": NaN,
        "Basic EPS": NaN,
        "Diluted NI Availto Com Stockholders": 103677000.0,
        "Net Income Common Stockholders": 103677000.0,
        "Net Income": 103677000.0,
        "Net Income Including Noncontrolling Interests": 103677000.0,
        "Net Income Continuous Operations": 103677000.0,
        "Tax Provision": 20395000.0,
        "Pretax Income": 124072000.0,
        "Net Non Operating Interest Income Expense": -19803000.0,
        "Interest Expense Non Operating": 19803000.0,
        "Operating Income": 143875000.0,
        "Operating Expense": 59452000.0,
        "Research And Development": 40539000.0,
        "Selling General And Administration": 18913000.0,
        "Gross Profit": 203327000.0,
        "Cost Of Revenue": 287758000.0,
        "Total Revenue": 491085000.0,
        "Operating Revenue": 491085000.0
    },
    "2023-09-30": {
        "Tax Effect Of Unusual Items": 0.0,
        "Tax Rate For Calcs": 0.181,
        "Normalized EBITDA": 133433000.0,
        "Net Income From Continuing Operation Net Minority Interest": 87750000.0,
        "Reconciled Depreciation": 5131000.0,
        "Reconciled Cost Of Revenue": 279203000.0,
        "EBITDA": 133433000.0,
        "EBIT": 128302000.0,
        "Net Interest Income": -21224000.0,
        "Interest Expense": 21224000.0,
        "Normalized Income": 87750000.0,
        "Net Income From Continuing And Discontinued Operation": 87750000.0,
        "Total Expenses": 334776000.0,
        "Total Operating Income As Reported": 128302000.0,
        "Diluted Average Shares": 60451000.0,
        "Basic Average Shares": 60447000.0,
        "Diluted EPS": 1.45,
        "Basic EPS": 1.45,
        "Diluted NI Availto Com Stockholders": 87750000.0,
        "Net Income Common Stockholders": 87750000.0,
        "Net Income": 87750000.0,
        "Net Income Including Noncontrolling Interests": 87750000.0,
        "Net Income Continuous Operations": 87750000.0,
        "Tax Provision": 19328000.0,
        "Pretax Income": 107078000.0,
        "Net Non Operating Interest Income Expense": -21224000.0,
        "Interest Expense Non Operating": 21224000.0,
        "Operating Income": 128302000.0,
        "Operating Expense": 55573000.0,
        "Research And Development": 36283000.0,
        "Selling General And Administration": 19290000.0,
        "Gross Profit": 183875000.0,
        "Cost Of Revenue": 279203000.0,
        "Total Revenue": 463078000.0,
        "Operating Revenue": 463078000.0
    },
    "2023-12-31": {
        "Tax Effect Of Unusual Items": 0.0,
        "Tax Rate For Calcs": 0.202,
        "Normalized EBITDA": 125612000.0,
        "Net Income From Continuing Operation Net Minority Interest": 82116000.0,
        "Reconciled Depreciation": 4510000.0,
        "Reconciled Cost Of Revenue": 287307000.0,
        "EBITDA": 125612000.0,
        "EBIT": 121102000.0,
        "Net Interest Income": -18262000.0,
        "Interest Expense": 18262000.0,
        "Normalized Income": 82116000.0,
        "Net Income From Continuing And Discontinued Operation": 82116000.0,
        "Total Expenses": 343852000.0,
        "Total Operating Income As Reported": 121102000.0,
        "Diluted Average Shares": 60451000.0,
        "Basic Average Shares": 60448000.0,
        "Diluted EPS": 1.36,
        "Basic EPS": 1.36,
        "Diluted NI Availto Com Stockholders": 82116000.0,
        "Net Income Common Stockholders": 82116000.0,
        "Net Income": 82116000.0,
        "Net Income Including Noncontrolling Interests": 82116000.0,
        "Net Income Continuous Operations": 82116000.0,
        "Tax Provision": 20724000.0,
        "Pretax Income": 102840000.0,
        "Net Non Operating Interest Income Expense": -18262000.0,
        "Interest Expense Non Operating": 18262000.0,
        "Operating Income": 121102000.0,
        "Operating Expense": 56545000.0,
        "Research And Development": 36911000.0,
        "Selling General And Administration": 19634000.0,
        "Gross Profit": 177647000.0,
        "Cost Of Revenue": 287307000.0,
        "Total Revenue": 464954000.0,
        "Operating Revenue": 464954000.0
    },
    "2024-03-31": {
        "Tax Effect Of Unusual Items": 0.0,
        "Tax Rate For Calcs": 0.174,
        "Normalized EBITDA": 116293000.0,
        "Net Income From Continuing Operation Net Minority Interest": 76290000.0,
        "Reconciled Depreciation": 5070000.0,
        "Reconciled Cost Of Revenue": 318897000.0,
        "EBITDA": 116293000.0,
        "EBIT": 111223000.0,
        "Net Interest Income": -18870000.0,
        "Interest Expense": 18870000.0,
        "Normalized Income": 76290000.0,
        "Net Income From Continuing And Discontinued Operation": 76290000.0,
        "Total Expenses": 381774000.0,
        "Total Operating Income As Reported": 111223000.0,
        "Diluted Average Shares": 60463000.0,
        "Basic Average Shares": 60461000.0,
        "Diluted EPS": 1.26,
        "Basic EPS": 1.26,
        "Diluted NI Availto Com Stockholders": 76290000.0,
        "Net Income Common Stockholders": 76290000.0,
        "Net Income": 76290000.0,
        "Net Income Including Noncontrolling Interests": 76290000.0,
        "Net Income Continuous Operations": 76290000.0,
        "Tax Provision": 16063000.0,
        "Pretax Income": 92353000.0,
        "Net Non Operating Interest Income Expense": -18870000.0,
        "Interest Expense Non Operating": 18870000.0,
        "Operating Income": 111223000.0,
        "Operating Expense": 62877000.0,
        "Research And Development": 42498000.0,
        "Selling General And Administration": 20379000.0,
        "Gross Profit": 174100000.0,
        "Cost Of Revenue": 318897000.0,
        "Total Revenue": 492997000.0,
        "Operating Revenue": 492997000.0
    },
    "2024-06-30": {
        "Tax Effect Of Unusual Items": 0.0,
        "Tax Rate For Calcs": 0.14604,
        "Normalized EBITDA": 142909000.0,
        "Net Income From Continuing Operation Net Minority Interest": 103804000.0,
        "Reconciled Depreciation": 4540000.0,
        "Reconciled Cost Of Revenue": 303321000.0,
        "EBITDA": 142909000.0,
        "EBIT": 138369000.0,
        "Net Interest Income": -16813000.0,
        "Interest Expense": 16813000.0,
        "Normalized Income": 103804000.0,
        "Net Income From Continuing And Discontinued Operation": 103804000.0,
        "Total Expenses": 369092000.0,
        "Total Operating Income As Reported": 138369000.0,
        "Diluted Average Shares": NaN,
        "Basic Average Shares": NaN,
        "Diluted EPS": NaN,
        "Basic EPS": NaN,
        "Diluted NI Availto Com Stockholders": 103804000.0,
        "Net Income Common Stockholders": 103804000.0,
        "Net Income": 103804000.0,
        "Net Income Including Noncontrolling Interests": 103804000.0,
        "Net Income Continuous Operations": 103804000.0,
        "Tax Provision": 17752000.0,
        "Pretax Income": 121556000.0,
        "Net Non Operating Interest Income Expense": -16813000.0,
        "Interest Expense Non Operating": 16813000.0,
        "Operating Income": 138369000.0,
        "Operating Expense": 65771000.0,
        "Research And Development": 44076000.0,
        "Selling General And Administration": 21695000.0,
        "Gross Profit": 204140000.0,
        "Cost Of Revenue": 303321000.0,
        "Total Revenue": 507461000.0,
        "Operating Revenue": 507461000.0
    },
    "2024-09-30": {
        "Tax Effect Of Unusual Items": 0.0,
        "Tax Rate For Calcs": 0.193,
        "Normalized EBITDA": 175332000.0,
        "Net Income From Continuing Operation Net Minority Interest": 127988000.0,
        "Reconciled Depreciation": 6126000.0,
        "Reconciled Cost Of Revenue": 318726000.0,
        "EBITDA": 175332000.0,
        "EBIT": 169206000.0,
        "Net Interest Income": -10578000.0,
        "Interest Expense": 10578000.0,
        "Normalized Income": 127988000.0,
        "Net Income From Continuing And Discontinued Operation": 127988000.0,
        "Total Expenses": 381138000.0,
        "Total Operating Income As Reported": 169206000.0,
        "Diluted Average Shares": 60494000.0,
        "Basic Average Shares": 60469000.0,
        "Diluted EPS": 2.12,
        "Basic EPS": 2.12,
        "Diluted NI Availto Com Stockholders": 127988000.0,
        "Net Income Common Stockholders": 127988000.0,
        "Net Income": 127988000.0,
        "Net Income Including Noncontrolling Interests": 127988000.0,
        "Net Income Continuous Operations": 127988000.0,
        "Tax Provision": 30640000.0,
        "Pretax Income": 158628000.0,
        "Net Non Operating Interest Income Expense": -10578000.0,
        "Interest Expense Non Operating": 10578000.0,
        "Operating Income": 169206000.0,
        "Operating Expense": 62412000.0,
        "Research And Development": 37997000.0,
        "Selling General And Administration": 24415000.0,
        "Gross Profit": 231618000.0,
        "Cost Of Revenue": 318726000.0,
        "Total Revenue": 550344000.0,
        "Operating Revenue": 550344000.0
    }
}