{
    "2023-03-31": {
        "Tax Effect Of Unusual Items": NaN,
        "Tax Rate For Calcs": NaN,
        "Normalized EBITDA": NaN,
        "Total Unusual Items": NaN,
        "Total Unusual Items Excluding Goodwill": NaN,
        "Net Income From Continuing Operation Net Minority Interest": NaN,
        "Reconciled Depreciation": NaN,
        "Reconciled Cost Of Revenue": NaN,
        "EBITDA": NaN,
        "EBIT": NaN,
        "Net Interest Income": NaN,
        "Interest Expense": NaN,
        "Normalized Income": NaN,
        "Net Income From Continuing And Discontinued Operation": NaN,
        "Total Expenses": NaN,
        "Total Operating Income As Reported": NaN,
        "Diluted Average Shares": NaN,
        "Basic Average Shares": NaN,
        "Diluted EPS": NaN,
        "Basic EPS": NaN,
        "Diluted NI Availto Com Stockholders": NaN,
        "Net Income Common Stockholders": NaN,
        "Net Income": NaN,
        "Minority Interests": NaN,
        "Net Income Including Noncontrolling Interests": NaN,
        "Net Income Continuous Operations": NaN,
        "Tax Provision": NaN,
        "Pretax Income": NaN,
        "Other Income Expense": NaN,
        "Other Non Operating Income Expenses": -192900000.0,
        "Special Income Charges": NaN,
        "Gain On Sale Of Business": NaN,
        "Impairment Of Capital Assets": NaN,
        "Gain On Sale Of Security": NaN,
        "Net Non Operating Interest Income Expense": NaN,
        "Interest Expense Non Operating": NaN,
        "Operating Income": NaN,
        "Operating Expense": NaN,
        "Research And Development": NaN,
        "Selling General And Administration": NaN,
        "General And Administrative Expense": NaN,
        "Other Gand A": NaN,
        "Salaries And Wages": NaN,
        "Gross Profit": NaN,
        "Cost Of Revenue": NaN,
        "Total Revenue": NaN,
        "Operating Revenue": NaN
    },
    "2022-12-31": {
        "Tax Effect Of Unusual Items": NaN,
        "Tax Rate For Calcs": NaN,
        "Normalized EBITDA": NaN,
        "Total Unusual Items": NaN,
        "Total Unusual Items Excluding Goodwill": NaN,
        "Net Income From Continuing Operation Net Minority Interest": NaN,
        "Reconciled Depreciation": NaN,
        "Reconciled Cost Of Revenue": NaN,
        "EBITDA": NaN,
        "EBIT": NaN,
        "Net Interest Income": NaN,
        "Interest Expense": NaN,
        "Normalized Income": NaN,
        "Net Income From Continuing And Discontinued Operation": NaN,
        "Total Expenses": NaN,
        "Total Operating Income As Reported": NaN,
        "Diluted Average Shares": NaN,
        "Basic Average Shares": NaN,
        "Diluted EPS": NaN,
        "Basic EPS": NaN,
        "Diluted NI Availto Com Stockholders": NaN,
        "Net Income Common Stockholders": NaN,
        "Net Income": NaN,
        "Minority Interests": NaN,
        "Net Income Including Noncontrolling Interests": NaN,
        "Net Income Continuous Operations": NaN,
        "Tax Provision": NaN,
        "Pretax Income": NaN,
        "Other Income Expense": NaN,
        "Other Non Operating Income Expenses": -10700000.0,
        "Special Income Charges": NaN,
        "Gain On Sale Of Business": NaN,
        "Gain On Sale Of Security": NaN,
        "Net Non Operating Interest Income Expense": NaN,
        "Interest Expense Non Operating": NaN,
        "Operating Income": NaN,
        "Operating Expense": NaN,
        "Other Operating Expenses": 5000000.0,
        "Research And Development": NaN,
        "Selling General And Administration": NaN,
        "General And Administrative Expense": NaN,
        "Other Gand A": NaN,
        "Salaries And Wages": NaN,
        "Gross Profit": NaN,
        "Cost Of Revenue": NaN,
        "Total Revenue": NaN,
        "Operating Revenue": NaN
    },
    "2022-09-30": {
        "Tax Effect Of Unusual Items": NaN,
        "Tax Rate For Calcs": NaN,
        "Normalized EBITDA": NaN,
        "Total Unusual Items": NaN,
        "Total Unusual Items Excluding Goodwill": NaN,
        "Net Income From Continuing Operation Net Minority Interest": NaN,
        "Reconciled Depreciation": NaN,
        "Reconciled Cost Of Revenue": NaN,
        "EBITDA": NaN,
        "EBIT": NaN,
        "Net Interest Income": NaN,
        "Interest Expense": NaN,
        "Normalized Income": NaN,
        "Net Income From Continuing And Discontinued Operation": NaN,
        "Total Expenses": NaN,
        "Total Operating Income As Reported": NaN,
        "Diluted Average Shares": NaN,
        "Basic Average Shares": NaN,
        "Diluted EPS": NaN,
        "Basic EPS": NaN,
        "Diluted NI Availto Com Stockholders": NaN,
        "Net Income Common Stockholders": NaN,
        "Net Income": NaN,
        "Minority Interests": NaN,
        "Net Income Including Noncontrolling Interests": NaN,
        "Net Income Continuous Operations": NaN,
        "Tax Provision": NaN,
        "Pretax Income": NaN,
        "Other Income Expense": NaN,
        "Other Non Operating Income Expenses": -10900000.0,
        "Special Income Charges": -6500000.0,
        "Gain On Sale Of Business": -6500000.0,
        "Gain On Sale Of Security": NaN,
        "Net Non Operating Interest Income Expense": NaN,
        "Interest Expense Non Operating": NaN,
        "Operating Income": NaN,
        "Operating Expense": NaN,
        "Other Operating Expenses": 6500000.0,
        "Research And Development": NaN,
        "Selling General And Administration": NaN,
        "General And Administrative Expense": NaN,
        "Other Gand A": NaN,
        "Salaries And Wages": 10900000.0,
        "Gross Profit": NaN,
        "Cost Of Revenue": NaN,
        "Total Revenue": NaN,
        "Operating Revenue": NaN
    },
    "2022-06-30": {
        "Tax Effect Of Unusual Items": -1040000.0,
        "Tax Rate For Calcs": 0.4,
        "Normalized EBITDA": 39900000.0,
        "Total Unusual Items": -2600000.0,
        "Total Unusual Items Excluding Goodwill": -2600000.0,
        "Net Income From Continuing Operation Net Minority Interest": -17100000.0,
        "Reconciled Depreciation": 25500000.0,
        "Reconciled Cost Of Revenue": 366900000.0,
        "EBITDA": 37300000.0,
        "EBIT": 11800000.0,
        "Net Interest Income": -8300000.0,
        "Interest Expense": 8300000.0,
        "Normalized Income": -15540000.0,
        "Net Income From Continuing And Discontinued Operation": -17100000.0,
        "Total Expenses": 488700000.0,
        "Total Operating Income As Reported": 33700000.0,
        "Diluted Average Shares": 67694000.0,
        "Basic Average Shares": 67694000.0,
        "Diluted EPS": -0.25,
        "Basic EPS": -0.25,
        "Diluted NI Availto Com Stockholders": -17100000.0,
        "Net Income Common Stockholders": -17100000.0,
        "Net Income": -17100000.0,
        "Minority Interests": -300000.0,
        "Net Income Including Noncontrolling Interests": -16800000.0,
        "Net Income Continuous Operations": -16800000.0,
        "Tax Provision": 20300000.0,
        "Pretax Income": 3500000.0,
        "Other Income Expense": -14500000.0,
        "Other Non Operating Income Expenses": -11900000.0,
        "Special Income Charges": NaN,
        "Gain On Sale Of Business": NaN,
        "Gain On Sale Of Security": -2600000.0,
        "Net Non Operating Interest Income Expense": -8300000.0,
        "Interest Expense Non Operating": 8300000.0,
        "Operating Income": 26300000.0,
        "Operating Expense": 121800000.0,
        "Other Operating Expenses": 7400000.0,
        "Research And Development": 4800000.0,
        "Selling General And Administration": 109600000.0,
        "General And Administrative Expense": 109600000.0,
        "Other Gand A": 109600000.0,
        "Salaries And Wages": NaN,
        "Gross Profit": 148100000.0,
        "Cost Of Revenue": 366900000.0,
        "Total Revenue": 515000000.0,
        "Operating Revenue": 515000000.0
    },
    "2023-06-30": {
        "Tax Effect Of Unusual Items": NaN,
        "Tax Rate For Calcs": NaN,
        "Normalized EBITDA": NaN,
        "Total Unusual Items": NaN,
        "Total Unusual Items Excluding Goodwill": NaN,
        "Net Income From Continuing Operation Net Minority Interest": NaN,
        "Reconciled Depreciation": NaN,
        "Reconciled Cost Of Revenue": NaN,
        "EBITDA": NaN,
        "EBIT": NaN,
        "Net Interest Income": NaN,
        "Interest Expense": NaN,
        "Normalized Income": NaN,
        "Net Income From Continuing And Discontinued Operation": NaN,
        "Total Expenses": NaN,
        "Total Operating Income As Reported": NaN,
        "Diluted Average Shares": NaN,
        "Basic Average Shares": NaN,
        "Diluted EPS": NaN,
        "Basic EPS": NaN,
        "Diluted NI Availto Com Stockholders": NaN,
        "Net Income Common Stockholders": NaN,
        "Net Income": NaN,
        "Minority Interests": NaN,
        "Net Income Including Noncontrolling Interests": NaN,
        "Net Income Continuous Operations": NaN,
        "Tax Provision": NaN,
        "Pretax Income": NaN,
        "Other Income Expense": NaN,
        "Other Non Operating Income Expenses": NaN,
        "Special Income Charges": -3300000.0,
        "Gain On Sale Of Business": -3300000.0,
        "Impairment Of Capital Assets": NaN,
        "Gain On Sale Of Security": NaN,
        "Net Non Operating Interest Income Expense": NaN,
        "Interest Expense Non Operating": NaN,
        "Operating Income": NaN,
        "Operating Expense": NaN,
        "Research And Development": NaN,
        "Selling General And Administration": NaN,
        "General And Administrative Expense": NaN,
        "Other Gand A": NaN,
        "Salaries And Wages": 10200000.0,
        "Gross Profit": NaN,
        "Cost Of Revenue": NaN,
        "Total Revenue": NaN,
        "Operating Revenue": NaN
    },
    "2022-03-31": {
        "Diluted EPS": -0.85,
        "Total Revenue": 447,
        "Gross Profit": 87,
        "Operating Income": -24,
        "EBIT": 23,
        "Net Income": -57
    },
    "2021-12-31": {
        "Diluted EPS": -1.92,
        "Total Revenue": 539,
        "Gross Profit": 164,
        "Operating Income": 45,
        "EBIT": 91,
        "Net Income": -131
    },
    "2021-09-30": {
        "Diluted EPS": -0.28,
        "Total Revenue": 488,
        "Gross Profit": 127,
        "Operating Income": 25,
        "EBIT": 68,
        "Net Income": -19
    },
    "2021-06-30": {
        "Diluted EPS": -2.1,
        "Total Revenue": 517,
        "Gross Profit": 142,
        "Operating Income": 41,
        "EBIT": 85,
        "Net Income": -141
    },
    "2021-03-31": {
        "Diluted EPS": -2.45,
        "Total Revenue": 510,
        "Gross Profit": 139,
        "Operating Income": 44,
        "EBIT": 83,
        "Net Income": -158
    },
    "2020-12-31": {
        "Diluted EPS": -2.83,
        "Total Revenue": 577,
        "Gross Profit": 175,
        "Operating Income": 48,
        "EBIT": 88,
        "Net Income": -173
    },
    "2020-09-30": {
        "Diluted EPS": -0.2,
        "Total Revenue": 495,
        "Gross Profit": 120,
        "Operating Income": 28,
        "EBIT": 65,
        "Net Income": -13
    },
    "2020-06-30": {
        "Diluted EPS": -1.25,
        "Total Revenue": 439,
        "Gross Profit": 75,
        "Operating Income": -9,
        "EBIT": 38,
        "Net Income": -79
    },
    "2020-03-31": {
        "Diluted EPS": 16.21,
        "Total Revenue": 515,
        "Gross Profit": 113,
        "Operating Income": 20,
        "EBIT": 58,
        "Net Income": NaN
    },
    "2019-12-31": {
        "Diluted EPS": -0.2,
        "Total Revenue": 547,
        "Gross Profit": 116,
        "Operating Income": 10,
        "EBIT": 49,
        "Net Income": -11
    },
    "2019-09-30": {
        "Diluted EPS": -0.23,
        "Total Revenue": 552,
        "Gross Profit": 140,
        "Operating Income": 49,
        "EBIT": 87,
        "Net Income": -13
    },
    "2019-06-30": {
        "Diluted EPS": 0.5,
        "Total Revenue": 569,
        "Gross Profit": 153,
        "Operating Income": 53,
        "EBIT": 90,
        "Net Income": 26
    },
    "2019-03-31": {
        "Diluted EPS": -0.38,
        "Total Revenue": 555,
        "Gross Profit": 125,
        "Operating Income": 25,
        "EBIT": 60,
        "Net Income": -19
    },
    "2018-12-31": {
        "Diluted EPS": 0.66,
        "Total Revenue": 187,
        "Gross Profit": 76,
        "Operating Income": 1,
        "EBIT": 42,
        "Net Income": 25
    },
    "2018-09-30": {
        "Diluted EPS": 0.12,
        "Total Revenue": 688,
        "Gross Profit": 154,
        "Operating Income": 56,
        "EBIT": 96,
        "Net Income": 6
    },
    "2018-06-30": {
        "Diluted EPS": 0.07,
        "Total Revenue": 667,
        "Gross Profit": 153,
        "Operating Income": 54,
        "EBIT": 94,
        "Net Income": 4
    },
    "2018-03-31": {
        "Diluted EPS": 0.62,
        "Total Revenue": 708,
        "Gross Profit": 201,
        "Operating Income": 102,
        "EBIT": 144,
        "Net Income": 41
    },
    "2017-12-31": {
        "Diluted EPS": 0.99,
        "Total Revenue": 745,
        "Gross Profit": 187,
        "Operating Income": 82,
        "EBIT": 122,
        "Net Income": 51
    },
    "2017-09-30": {
        "Diluted EPS": -0.81,
        "Total Revenue": 666,
        "Gross Profit": 104,
        "Operating Income": -3,
        "EBIT": 35,
        "Net Income": -41
    },
    "2017-06-30": {
        "Diluted EPS": -0.83,
        "Total Revenue": 666,
        "Gross Profit": 119,
        "Operating Income": -4,
        "EBIT": 36,
        "Net Income": -42
    },
    "2017-03-31": {
        "Diluted EPS": -0.65,
        "Total Revenue": 665,
        "Gross Profit": 139,
        "Operating Income": 22,
        "EBIT": 61,
        "Net Income": -33
    },
    "2016-12-31": {
        "Diluted EPS": 0.05,
        "Total Revenue": 722,
        "Gross Profit": 219,
        "Operating Income": 117,
        "EBIT": 156,
        "Net Income": -1
    },
    "2016-09-30": {
        "Diluted EPS": -0.56,
        "Total Revenue": 683,
        "Gross Profit": 122,
        "Operating Income": -10,
        "EBIT": 29,
        "Net Income": -28
    },
    "2016-06-30": {
        "Diluted EPS": 0.36,
        "Total Revenue": 749,
        "Gross Profit": 178,
        "Operating Income": 50,
        "EBIT": 90,
        "Net Income": 22
    },
    "2016-03-31": {
        "Diluted EPS": -0.8,
        "Total Revenue": 667,
        "Gross Profit": 99,
        "Operating Income": -28,
        "EBIT": 10,
        "Net Income": -40
    },
    "2015-12-31": {
        "Diluted EPS": 0.03,
        "Total Revenue": 790,
        "Gross Profit": 159,
        "Operating Income": 16,
        "EBIT": 70,
        "Net Income": 1
    },
    "2015-09-30": {
        "Diluted EPS": -0.19,
        "Total Revenue": 739,
        "Gross Profit": 141,
        "Operating Income": 9,
        "EBIT": 53,
        "Net Income": -10
    },
    "2015-06-30": {
        "Diluted EPS": -1.17,
        "Total Revenue": 765,
        "Gross Profit": 124,
        "Operating Income": -50,
        "EBIT": -9,
        "Net Income": -58
    },
    "2015-03-31": {
        "Diluted EPS": -0.87,
        "Total Revenue": 721,
        "Gross Profit": 117,
        "Operating Income": -30,
        "EBIT": 11,
        "Net Income": -43
    },
    "2014-12-31": {
        "Diluted EPS": 1.33,
        "Total Revenue": 906,
        "Gross Profit": 245,
        "Operating Income": 82,
        "EBIT": 125,
        "Net Income": 62
    },
    "2014-09-30": {
        "Diluted EPS": 0.95,
        "Total Revenue": 883,
        "Gross Profit": 235,
        "Operating Income": 77,
        "EBIT": 121,
        "Net Income": 48
    },
    "2014-06-30": {
        "Diluted EPS": -0.24,
        "Total Revenue": 806,
        "Gross Profit": 165,
        "Operating Income": 16,
        "EBIT": 57,
        "Net Income": -12
    },
    "2014-03-31": {
        "Diluted EPS": -1.15,
        "Total Revenue": 762,
        "Gross Profit": 133,
        "Operating Income": -20,
        "EBIT": 20,
        "Net Income": -54
    },
    "2013-12-31": {
        "Diluted EPS": 2.65,
        "Total Revenue": 996,
        "Gross Profit": 315,
        "Operating Income": 156,
        "EBIT": 195,
        "Net Income": 117
    },
    "2013-09-30": {
        "Diluted EPS": -0.26,
        "Total Revenue": 792,
        "Gross Profit": 172,
        "Operating Income": 24,
        "EBIT": 65,
        "Net Income": -12
    },
    "2013-06-30": {
        "Diluted EPS": 0.46,
        "Total Revenue": 859,
        "Gross Profit": 201,
        "Operating Income": 38,
        "EBIT": 78,
        "Net Income": 20
    },
    "2013-03-31": {
        "Diluted EPS": -0.77,
        "Total Revenue": 810,
        "Gross Profit": 161,
        "Operating Income": 2,
        "EBIT": 42,
        "Net Income": -34
    },
    "2012-12-31": {
        "Diluted EPS": 1.83,
        "Total Revenue": 979,
        "Gross Profit": 286,
        "Operating Income": 115,
        "EBIT": 161,
        "Net Income": 82
    },
    "2012-09-30": {
        "Diluted EPS": -0.28,
        "Total Revenue": 877,
        "Gross Profit": 219,
        "Operating Income": 61,
        "EBIT": 101,
        "Net Income": -12
    },
    "2012-06-30": {
        "Diluted EPS": 0.99,
        "Total Revenue": 921,
        "Gross Profit": 243,
        "Operating Income": 79,
        "EBIT": 126,
        "Net Income": 47
    },
    "2012-03-31": {
        "Diluted EPS": 0.3,
        "Total Revenue": 928,
        "Gross Profit": 226,
        "Operating Income": 64,
        "EBIT": 106,
        "Net Income": 13
    },
    "2011-12-31": {
        "Diluted EPS": 2.3,
        "Total Revenue": 985,
        "Gross Profit": 280,
        "Operating Income": 122,
        "EBIT": 167,
        "Net Income": 94
    },
    "2011-09-30": {
        "Diluted EPS": 1.63,
        "Total Revenue": NaN,
        "Gross Profit": 285,
        "Operating Income": 113,
        "EBIT": 160,
        "Net Income": 79
    },
    "2011-06-30": {
        "Diluted EPS": -0.27,
        "Total Revenue": 937,
        "Gross Profit": 214,
        "Operating Income": 48,
        "EBIT": 98,
        "Net Income": -12
    },
    "2011-03-31": {
        "Diluted EPS": -0.95,
        "Total Revenue": 911,
        "Gross Profit": 208,
        "Operating Income": 42,
        "EBIT": 95,
        "Net Income": -41
    },
    "2010-12-31": {
        "Diluted EPS": 2.3,
        "Total Revenue": NaN,
        "Gross Profit": 311,
        "Operating Income": 135,
        "EBIT": 195,
        "Net Income": 99
    },
    "2010-09-30": {
        "Diluted EPS": 0.65,
        "Total Revenue": 961,
        "Gross Profit": 237,
        "Operating Income": 76,
        "EBIT": 137,
        "Net Income": 28
    },
    "2010-06-30": {
        "Diluted EPS": 2.77,
        "Total Revenue": NaN,
        "Gross Profit": 288,
        "Operating Income": 107,
        "EBIT": 169,
        "Net Income": 120
    },
    "2010-03-31": {
        "Diluted EPS": -0.27,
        "Total Revenue": 977,
        "Gross Profit": 235,
        "Operating Income": 59,
        "EBIT": 125,
        "Net Income": -12
    },
    "2009-12-31": {
        "Diluted EPS": 2.91,
        "Total Revenue": NaN,
        "Gross Profit": 340,
        "Operating Income": 136,
        "EBIT": 232,
        "Net Income": 115
    },
    "2009-09-30": {
        "Diluted EPS": 1.48,
        "Total Revenue": NaN,
        "Gross Profit": 298,
        "Operating Income": 112,
        "EBIT": 194,
        "Net Income": 61
    },
    "2009-06-30": {
        "Diluted EPS": 1.02,
        "Total Revenue": NaN,
        "Gross Profit": 261,
        "Operating Income": 68,
        "EBIT": 158,
        "Net Income": 38
    },
    "2009-03-31": {
        "Diluted EPS": -0.66,
        "Total Revenue": NaN,
        "Gross Profit": 215,
        "Operating Income": 15,
        "EBIT": 99,
        "Net Income": -24
    },
    "2023-09-30": {
        "Tax Effect Of Unusual Items": 1323000.0,
        "Tax Rate For Calcs": 0.21,
        "Normalized EBITDA": 8200000.0,
        "Total Unusual Items": 6300000.0,
        "Total Unusual Items Excluding Goodwill": 6300000.0,
        "Net Income From Continuing Operation Net Minority Interest": -50000000.0,
        "Reconciled Depreciation": 35200000.0,
        "Reconciled Cost Of Revenue": 369300000.0,
        "EBITDA": 14500000.0,
        "EBIT": -20700000.0,
        "Net Interest Income": -7800000.0,
        "Interest Expense": 7800000.0,
        "Normalized Income": -54977000.0,
        "Net Income From Continuing And Discontinued Operation": -50000000.0,
        "Total Expenses": 491600000.0,
        "Total Operating Income As Reported": -17100000.0,
        "Diluted Average Shares": 68381000.0,
        "Basic Average Shares": 68381000.0,
        "Diluted EPS": -0.73,
        "Basic EPS": -0.73,
        "Diluted NI Availto Com Stockholders": -50000000.0,
        "Net Income Common Stockholders": -50000000.0,
        "Net Income": -50000000.0,
        "Minority Interests": -1100000.0,
        "Net Income Including Noncontrolling Interests": -48900000.0,
        "Net Income Continuous Operations": -48900000.0,
        "Tax Provision": 20400000.0,
        "Pretax Income": -28500000.0,
        "Other Income Expense": 6300000.0,
        "Other Non Operating Income Expenses": NaN,
        "Special Income Charges": 4700000.0,
        "Gain On Sale Of Business": 4700000.0,
        "Impairment Of Capital Assets": NaN,
        "Gain On Sale Of Security": 1600000.0,
        "Net Non Operating Interest Income Expense": -7800000.0,
        "Interest Expense Non Operating": 7800000.0,
        "Operating Income": -27000000.0,
        "Operating Expense": 122300000.0,
        "Research And Development": 4300000.0,
        "Selling General And Administration": 118000000.0,
        "General And Administrative Expense": 118000000.0,
        "Other Gand A": 108100000.0,
        "Salaries And Wages": 9900000.0,
        "Gross Profit": 95300000.0,
        "Cost Of Revenue": 369300000.0,
        "Total Revenue": 464600000.0,
        "Operating Revenue": 464600000.0
    },
    "2023-12-31": {
        "Tax Effect Of Unusual Items": 840000.0,
        "Tax Rate For Calcs": 0.21,
        "Normalized EBITDA": -101300000.0,
        "Total Unusual Items": 4000000.0,
        "Total Unusual Items Excluding Goodwill": 4000000.0,
        "Net Income From Continuing Operation Net Minority Interest": -165300000.0,
        "Reconciled Depreciation": 35400000.0,
        "Reconciled Cost Of Revenue": 376400000.0,
        "EBITDA": -97300000.0,
        "EBIT": -132700000.0,
        "Net Interest Income": -7900000.0,
        "Interest Expense": 7900000.0,
        "Normalized Income": -168460000.0,
        "Net Income From Continuing And Discontinued Operation": -165300000.0,
        "Total Expenses": 307200000.0,
        "Total Operating Income As Reported": 44000000.0,
        "Diluted Average Shares": 69767000.0,
        "Basic Average Shares": 68402000.0,
        "Diluted EPS": -2.42,
        "Basic EPS": -2.42,
        "Diluted NI Availto Com Stockholders": -165300000.0,
        "Net Income Common Stockholders": -165300000.0,
        "Net Income": -165300000.0,
        "Minority Interests": -1100000.0,
        "Net Income Including Noncontrolling Interests": -164200000.0,
        "Net Income Continuous Operations": -164200000.0,
        "Tax Provision": 23600000.0,
        "Pretax Income": -140600000.0,
        "Other Income Expense": -383100000.0,
        "Other Non Operating Income Expenses": NaN,
        "Special Income Charges": NaN,
        "Gain On Sale Of Business": NaN,
        "Impairment Of Capital Assets": NaN,
        "Gain On Sale Of Security": -2300000.0,
        "Net Non Operating Interest Income Expense": -7900000.0,
        "Interest Expense Non Operating": 7900000.0,
        "Operating Income": 250400000.0,
        "Operating Expense": -69200000.0,
        "Research And Development": 8200000.0,
        "Selling General And Administration": -84000000.0,
        "General And Administrative Expense": -84000000.0,
        "Other Gand A": 129000000.0,
        "Salaries And Wages": NaN,
        "Gross Profit": 181200000.0,
        "Cost Of Revenue": 376400000.0,
        "Total Revenue": 557600000.0,
        "Operating Revenue": 557600000.0
    },
    "2024-03-31": {
        "Tax Effect Of Unusual Items": 861000.0,
        "Tax Rate For Calcs": 0.21,
        "Normalized EBITDA": -101700000.0,
        "Total Unusual Items": 4100000.0,
        "Total Unusual Items Excluding Goodwill": 4100000.0,
        "Net Income From Continuing Operation Net Minority Interest": -149500000.0,
        "Reconciled Depreciation": 26800000.0,
        "Reconciled Cost Of Revenue": 351800000.0,
        "EBITDA": -97600000.0,
        "EBIT": -124400000.0,
        "Net Interest Income": -7900000.0,
        "Interest Expense": 7900000.0,
        "Normalized Income": -152739000.0,
        "Net Income From Continuing And Discontinued Operation": -149500000.0,
        "Total Expenses": 616300000.0,
        "Total Operating Income As Reported": 17700000.0,
        "Diluted Average Shares": 68704000.0,
        "Basic Average Shares": 68704000.0,
        "Diluted EPS": -2.18,
        "Basic EPS": -2.18,
        "Diluted NI Availto Com Stockholders": -149500000.0,
        "Net Income Common Stockholders": -149500000.0,
        "Net Income": -149500000.0,
        "Minority Interests": -200000.0,
        "Net Income Including Noncontrolling Interests": -149300000.0,
        "Net Income Continuous Operations": -149300000.0,
        "Tax Provision": 17000000.0,
        "Pretax Income": -132300000.0,
        "Other Income Expense": 4100000.0,
        "Other Non Operating Income Expenses": NaN,
        "Special Income Charges": 19000000.0,
        "Gain On Sale Of Business": 19000000.0,
        "Impairment Of Capital Assets": NaN,
        "Gain On Sale Of Security": -14900000.0,
        "Net Non Operating Interest Income Expense": -7900000.0,
        "Interest Expense Non Operating": 7900000.0,
        "Operating Income": -128500000.0,
        "Operating Expense": 264500000.0,
        "Research And Development": 6100000.0,
        "Selling General And Administration": 258400000.0,
        "General And Administrative Expense": 258400000.0,
        "Other Gand A": 112200000.0,
        "Salaries And Wages": 146200000.0,
        "Gross Profit": 136000000.0,
        "Cost Of Revenue": 351800000.0,
        "Total Revenue": 487800000.0,
        "Operating Revenue": 487800000.0
    },
    "2024-06-30": {
        "Tax Effect Of Unusual Items": 567000.0,
        "Tax Rate For Calcs": 0.21,
        "Normalized EBITDA": 38200000.0,
        "Total Unusual Items": 2700000.0,
        "Total Unusual Items Excluding Goodwill": 2700000.0,
        "Net Income From Continuing Operation Net Minority Interest": -12000000.0,
        "Reconciled Depreciation": 26700000.0,
        "Reconciled Cost Of Revenue": 348300000.0,
        "EBITDA": 40900000.0,
        "EBIT": 14200000.0,
        "Net Interest Income": -7900000.0,
        "Interest Expense": 7900000.0,
        "Normalized Income": -14133000.0,
        "Net Income From Continuing And Discontinued Operation": -12000000.0,
        "Total Expenses": 466700000.0,
        "Total Operating Income As Reported": 23600000.0,
        "Diluted Average Shares": 69275000.0,
        "Basic Average Shares": 69275000.0,
        "Diluted EPS": -0.17,
        "Basic EPS": -0.17,
        "Diluted NI Availto Com Stockholders": -12000000.0,
        "Net Income Common Stockholders": -12000000.0,
        "Net Income": -12000000.0,
        "Minority Interests": 500000.0,
        "Net Income Including Noncontrolling Interests": -12500000.0,
        "Net Income Continuous Operations": -12500000.0,
        "Tax Provision": 18800000.0,
        "Pretax Income": 6300000.0,
        "Other Income Expense": 2700000.0,
        "Other Non Operating Income Expenses": NaN,
        "Special Income Charges": 400000.0,
        "Gain On Sale Of Business": 400000.0,
        "Impairment Of Capital Assets": NaN,
        "Gain On Sale Of Security": 2300000.0,
        "Net Non Operating Interest Income Expense": -7900000.0,
        "Interest Expense Non Operating": 7900000.0,
        "Operating Income": 11500000.0,
        "Operating Expense": 118400000.0,
        "Research And Development": 4900000.0,
        "Selling General And Administration": 113500000.0,
        "General And Administrative Expense": 113500000.0,
        "Other Gand A": 101400000.0,
        "Salaries And Wages": 12100000.0,
        "Gross Profit": 129900000.0,
        "Cost Of Revenue": 348300000.0,
        "Total Revenue": 478200000.0,
        "Operating Revenue": 478200000.0
    },
    "2024-09-30": {
        "Tax Effect Of Unusual Items": -7476000.0,
        "Tax Rate For Calcs": 0.21,
        "Normalized EBITDA": 59200000.0,
        "Total Unusual Items": -35600000.0,
        "Total Unusual Items Excluding Goodwill": -35600000.0,
        "Net Income From Continuing Operation Net Minority Interest": -61900000.0,
        "Reconciled Depreciation": 24300000.0,
        "Reconciled Cost Of Revenue": 352000000.0,
        "EBITDA": 23600000.0,
        "EBIT": -700000.0,
        "Net Interest Income": -7900000.0,
        "Interest Expense": 7900000.0,
        "Normalized Income": -33776000.0,
        "Net Income From Continuing And Discontinued Operation": -61900000.0,
        "Total Expenses": 462100000.0,
        "Total Operating Income As Reported": 7500000.0,
        "Diluted Average Shares": 69357000.0,
        "Basic Average Shares": 69357000.0,
        "Diluted EPS": -0.89,
        "Basic EPS": -0.89,
        "Diluted NI Availto Com Stockholders": -61900000.0,
        "Net Income Common Stockholders": -61900000.0,
        "Net Income": -61900000.0,
        "Minority Interests": 0.0,
        "Net Income Including Noncontrolling Interests": -61900000.0,
        "Net Income Continuous Operations": -61900000.0,
        "Tax Provision": 53300000.0,
        "Pretax Income": -8600000.0,
        "Other Income Expense": -35600000.0,
        "Other Non Operating Income Expenses": NaN,
        "Special Income Charges": -37700000.0,
        "Gain On Sale Of Business": 1400000.0,
        "Impairment Of Capital Assets": 39100000.0,
        "Gain On Sale Of Security": 2100000.0,
        "Net Non Operating Interest Income Expense": -7900000.0,
        "Interest Expense Non Operating": 7900000.0,
        "Operating Income": 34900000.0,
        "Operating Expense": 110100000.0,
        "Research And Development": 6500000.0,
        "Selling General And Administration": 103600000.0,
        "General And Administrative Expense": 103600000.0,
        "Other Gand A": 91900000.0,
        "Salaries And Wages": 11700000.0,
        "Gross Profit": 145000000.0,
        "Cost Of Revenue": 352000000.0,
        "Total Revenue": 497000000.0,
        "Operating Revenue": 497000000.0
    }
}