{
    "2023-06-30": {
        "Tax Effect Of Unusual Items": 0.0,
        "Tax Rate For Calcs": 0.291,
        "Normalized EBITDA": 6150000.0,
        "Net Income From Continuing Operation Net Minority Interest": 3340000.0,
        "Reconciled Depreciation": 987000.0,
        "Reconciled Cost Of Revenue": 32104000.0,
        "EBITDA": 6150000.0,
        "EBIT": 5163000.0,
        "Net Interest Income": -440000.0,
        "Interest Expense": 440000.0,
        "Normalized Income": 3340000.0,
        "Net Income From Continuing And Discontinued Operation": 3340000.0,
        "Total Expenses": 39027000.0,
        "Total Operating Income As Reported": 3665000.0,
        "Diluted NI Availto Com Stockholders": 3340000.0,
        "Net Income Common Stockholders": 3340000.0,
        "Net Income": 3340000.0,
        "Minority Interests": -8000.0,
        "Net Income Including Noncontrolling Interests": 3348000.0,
        "Net Income Continuous Operations": 3348000.0,
        "Tax Provision": 1375000.0,
        "Pretax Income": 4723000.0,
        "Other Income Expense": 1498000.0,
        "Other Non Operating Income Expenses": 1498000.0,
        "Net Non Operating Interest Income Expense": -440000.0,
        "Interest Expense Non Operating": 440000.0,
        "Operating Income": 3665000.0,
        "Operating Expense": 6923000.0,
        "Research And Development": 1778000.0,
        "Selling General And Administration": 5145000.0,
        "Gross Profit": 10588000.0,
        "Cost Of Revenue": 32104000.0,
        "Total Revenue": 42692000.0,
        "Operating Revenue": 42692000.0
    },
    "2023-03-31": {
        "Tax Effect Of Unusual Items": 0.0,
        "Tax Rate For Calcs": 0.284,
        "Normalized EBITDA": 927000.0,
        "Net Income From Continuing Operation Net Minority Interest": -346000.0,
        "Reconciled Depreciation": 971000.0,
        "Reconciled Cost Of Revenue": 24480000.0,
        "EBITDA": 927000.0,
        "EBIT": -44000.0,
        "Net Interest Income": -424000.0,
        "Interest Expense": 424000.0,
        "Normalized Income": -346000.0,
        "Net Income From Continuing And Discontinued Operation": -346000.0,
        "Total Expenses": 31890000.0,
        "Total Operating Income As Reported": 26000.0,
        "Diluted NI Availto Com Stockholders": -346000.0,
        "Net Income Common Stockholders": -346000.0,
        "Net Income": -346000.0,
        "Minority Interests": -11000.0,
        "Net Income Including Noncontrolling Interests": -335000.0,
        "Net Income Continuous Operations": -335000.0,
        "Tax Provision": -133000.0,
        "Pretax Income": -468000.0,
        "Other Income Expense": -70000.0,
        "Other Non Operating Income Expenses": -70000.0,
        "Net Non Operating Interest Income Expense": -424000.0,
        "Interest Expense Non Operating": 424000.0,
        "Operating Income": 26000.0,
        "Operating Expense": 7410000.0,
        "Research And Development": 2032000.0,
        "Selling General And Administration": 5378000.0,
        "Gross Profit": 7436000.0,
        "Cost Of Revenue": 24480000.0,
        "Total Revenue": 31916000.0,
        "Operating Revenue": 31916000.0
    },
    "2022-12-31": {
        "Tax Effect Of Unusual Items": 0.0,
        "Tax Rate For Calcs": 0.21,
        "Normalized EBITDA": 1028000.0,
        "Net Income From Continuing Operation Net Minority Interest": -224000.0,
        "Reconciled Depreciation": 1040000.0,
        "Reconciled Cost Of Revenue": 28026000.0,
        "EBITDA": 1028000.0,
        "EBIT": -12000.0,
        "Net Interest Income": -368000.0,
        "Interest Expense": 368000.0,
        "Normalized Income": -224000.0,
        "Net Income From Continuing And Discontinued Operation": -224000.0,
        "Total Expenses": 35890000.0,
        "Total Operating Income As Reported": 217000.0,
        "Diluted NI Availto Com Stockholders": -224000.0,
        "Net Income Common Stockholders": -224000.0,
        "Net Income": -224000.0,
        "Minority Interests": 1000.0,
        "Net Income Including Noncontrolling Interests": -225000.0,
        "Net Income Continuous Operations": -225000.0,
        "Tax Provision": -155000.0,
        "Pretax Income": -380000.0,
        "Other Income Expense": -229000.0,
        "Other Non Operating Income Expenses": -229000.0,
        "Net Non Operating Interest Income Expense": -368000.0,
        "Interest Expense Non Operating": 368000.0,
        "Operating Income": 217000.0,
        "Operating Expense": 7864000.0,
        "Research And Development": 1656000.0,
        "Selling General And Administration": 6208000.0,
        "Gross Profit": 8081000.0,
        "Cost Of Revenue": 28026000.0,
        "Total Revenue": 36107000.0,
        "Operating Revenue": 36107000.0
    },
    "2022-09-30": {
        "Tax Effect Of Unusual Items": 0.0,
        "Tax Rate For Calcs": 0.271,
        "Normalized EBITDA": 1073000.0,
        "Net Income From Continuing Operation Net Minority Interest": -239000.0,
        "Reconciled Depreciation": 1133000.0,
        "Reconciled Cost Of Revenue": 26519000.0,
        "EBITDA": 1073000.0,
        "EBIT": -60000.0,
        "Net Interest Income": -272000.0,
        "Interest Expense": 272000.0,
        "Normalized Income": -239000.0,
        "Net Income From Continuing And Discontinued Operation": -239000.0,
        "Total Expenses": 33820000.0,
        "Total Operating Income As Reported": -586000.0,
        "Diluted Average Shares": 16133000.0,
        "Basic Average Shares": 16133000.0,
        "Diluted EPS": -0.01,
        "Basic EPS": -0.01,
        "Diluted NI Availto Com Stockholders": -239000.0,
        "Net Income Common Stockholders": -239000.0,
        "Net Income": -239000.0,
        "Minority Interests": 3000.0,
        "Net Income Including Noncontrolling Interests": -242000.0,
        "Net Income Continuous Operations": -242000.0,
        "Tax Provision": -90000.0,
        "Pretax Income": -332000.0,
        "Other Income Expense": 526000.0,
        "Other Non Operating Income Expenses": 526000.0,
        "Net Non Operating Interest Income Expense": -272000.0,
        "Interest Expense Non Operating": 272000.0,
        "Operating Income": -586000.0,
        "Operating Expense": 7301000.0,
        "Research And Development": 1896000.0,
        "Selling General And Administration": 5405000.0,
        "Gross Profit": 6715000.0,
        "Cost Of Revenue": 26519000.0,
        "Total Revenue": 33234000.0,
        "Operating Revenue": 33234000.0
    },
    "2022-06-30": {
        "Tax Effect Of Unusual Items": 0.0,
        "Tax Rate For Calcs": 0.251,
        "Normalized EBITDA": 1997000.0,
        "Net Income From Continuing Operation Net Minority Interest": 512000.0,
        "Reconciled Depreciation": 1142000.0,
        "Reconciled Cost Of Revenue": 24480000.0,
        "EBITDA": 1997000.0,
        "EBIT": 855000.0,
        "Net Interest Income": -177000.0,
        "Interest Expense": 177000.0,
        "Normalized Income": 512000.0,
        "Net Income From Continuing And Discontinued Operation": 512000.0,
        "Total Expenses": 31333000.0,
        "Total Operating Income As Reported": 793000.0,
        "Diluted Average Shares": 16149000.0,
        "Basic Average Shares": 16129000.0,
        "Diluted EPS": 0.03,
        "Basic EPS": 0.03,
        "Diluted NI Availto Com Stockholders": 512000.0,
        "Net Income Common Stockholders": 512000.0,
        "Net Income": 512000.0,
        "Minority Interests": 4000.0,
        "Net Income Including Noncontrolling Interests": 508000.0,
        "Net Income Continuous Operations": 508000.0,
        "Tax Provision": 170000.0,
        "Pretax Income": 678000.0,
        "Other Income Expense": 62000.0,
        "Other Non Operating Income Expenses": 62000.0,
        "Net Non Operating Interest Income Expense": -177000.0,
        "Interest Expense Non Operating": 177000.0,
        "Operating Income": 793000.0,
        "Operating Expense": 6853000.0,
        "Research And Development": 1672000.0,
        "Selling General And Administration": 5181000.0,
        "Gross Profit": 7646000.0,
        "Cost Of Revenue": 24480000.0,
        "Total Revenue": 32126000.0,
        "Operating Revenue": 32126000.0
    },
    "2022-03-31": {
        "Diluted EPS": -0.01,
        "Total Revenue": 30,
        "Gross Profit": 7,
        "Operating Income": 0,
        "EBIT": 1,
        "Net Income": 0
    },
    "2021-12-31": {
        "Diluted EPS": -0.06,
        "Total Revenue": 24,
        "Gross Profit": 5,
        "Operating Income": -1,
        "EBIT": 0,
        "Net Income": -1
    },
    "2021-09-30": {
        "Diluted EPS": -0.04,
        "Total Revenue": 22,
        "Gross Profit": 5,
        "Operating Income": -1,
        "EBIT": 0,
        "Net Income": -1
    },
    "2021-06-30": {
        "Diluted EPS": 0.05,
        "Total Revenue": 27,
        "Gross Profit": 7,
        "Operating Income": 1,
        "EBIT": 2,
        "Net Income": 1
    },
    "2021-03-31": {
        "Diluted EPS": 0.04,
        "Total Revenue": 26,
        "Gross Profit": 7,
        "Operating Income": 1,
        "EBIT": 2,
        "Net Income": 1
    },
    "2020-12-31": {
        "Diluted EPS": 0.13,
        "Total Revenue": 29,
        "Gross Profit": 7,
        "Operating Income": 1,
        "EBIT": 2,
        "Net Income": 2
    },
    "2020-09-30": {
        "Diluted EPS": 0.03,
        "Total Revenue": 24,
        "Gross Profit": 7,
        "Operating Income": 1,
        "EBIT": 1,
        "Net Income": 0
    },
    "2020-06-30": {
        "Diluted EPS": 0.1,
        "Total Revenue": 29,
        "Gross Profit": 8,
        "Operating Income": 2,
        "EBIT": 3,
        "Net Income": 2
    },
    "2020-03-31": {
        "Diluted EPS": 0.07,
        "Total Revenue": 26,
        "Gross Profit": 7,
        "Operating Income": 1,
        "EBIT": 2,
        "Net Income": 1
    },
    "2019-12-31": {
        "Diluted EPS": 0.09,
        "Total Revenue": 31,
        "Gross Profit": 9,
        "Operating Income": 2,
        "EBIT": 3,
        "Net Income": 2
    },
    "2019-09-30": {
        "Diluted EPS": 0.06,
        "Total Revenue": 27,
        "Gross Profit": 8,
        "Operating Income": 1,
        "EBIT": 2,
        "Net Income": 1
    },
    "2019-06-30": {
        "Diluted EPS": 0.14,
        "Total Revenue": 29,
        "Gross Profit": 9,
        "Operating Income": 3,
        "EBIT": 4,
        "Net Income": 2
    },
    "2019-03-31": {
        "Diluted EPS": 0.03,
        "Total Revenue": 19,
        "Gross Profit": 5,
        "Operating Income": 1,
        "EBIT": 1,
        "Net Income": 0
    },
    "2018-12-31": {
        "Diluted EPS": 1.21,
        "Total Revenue": 21,
        "Gross Profit": 6,
        "Operating Income": 1,
        "EBIT": 2,
        "Net Income": 20
    },
    "2018-09-30": {
        "Diluted EPS": 0.09,
        "Total Revenue": 20,
        "Gross Profit": 6,
        "Operating Income": 2,
        "EBIT": 2,
        "Net Income": 1
    },
    "2018-06-30": {
        "Diluted EPS": 0.1,
        "Total Revenue": 23,
        "Gross Profit": 7,
        "Operating Income": 2,
        "EBIT": 2,
        "Net Income": 2
    },
    "2018-03-31": {
        "Diluted EPS": 0.13,
        "Total Revenue": 23,
        "Gross Profit": 7,
        "Operating Income": 2,
        "EBIT": 3,
        "Net Income": 2
    },
    "2017-12-31": {
        "Diluted EPS": 0.23,
        "Total Revenue": 23,
        "Gross Profit": 7,
        "Operating Income": 2,
        "EBIT": 3,
        "Net Income": 4
    },
    "2017-09-30": {
        "Diluted EPS": 0.07,
        "Total Revenue": 21,
        "Gross Profit": 6,
        "Operating Income": 1,
        "EBIT": 2,
        "Net Income": 1
    },
    "2017-06-30": {
        "Diluted EPS": 0.07,
        "Total Revenue": 20,
        "Gross Profit": 6,
        "Operating Income": 1,
        "EBIT": 2,
        "Net Income": 1
    },
    "2017-03-31": {
        "Diluted EPS": 0.11,
        "Total Revenue": 22,
        "Gross Profit": 7,
        "Operating Income": 2,
        "EBIT": 2,
        "Net Income": 2
    },
    "2016-12-31": {
        "Diluted EPS": 0.11,
        "Total Revenue": 22,
        "Gross Profit": 7,
        "Operating Income": 2,
        "EBIT": 2,
        "Net Income": 2
    },
    "2016-09-30": {
        "Diluted EPS": 0.07,
        "Total Revenue": 20,
        "Gross Profit": 6,
        "Operating Income": 1,
        "EBIT": 2,
        "Net Income": 1
    },
    "2016-06-30": {
        "Diluted EPS": 0.03,
        "Total Revenue": 20,
        "Gross Profit": 6,
        "Operating Income": 0,
        "EBIT": 1,
        "Net Income": 0
    },
    "2016-03-31": {
        "Diluted EPS": 0.02,
        "Total Revenue": 21,
        "Gross Profit": 6,
        "Operating Income": 0,
        "EBIT": 1,
        "Net Income": 0
    },
    "2015-12-31": {
        "Diluted EPS": 0.02,
        "Total Revenue": 19,
        "Gross Profit": 6,
        "Operating Income": 1,
        "EBIT": 1,
        "Net Income": 1
    },
    "2015-09-30": {
        "Diluted EPS": 0.07,
        "Total Revenue": 19,
        "Gross Profit": 6,
        "Operating Income": 1,
        "EBIT": 2,
        "Net Income": 1
    },
    "2015-06-30": {
        "Diluted EPS": 0.05,
        "Total Revenue": 19,
        "Gross Profit": 6,
        "Operating Income": 1,
        "EBIT": 1,
        "Net Income": 1
    },
    "2015-03-31": {
        "Diluted EPS": 0.03,
        "Total Revenue": 19,
        "Gross Profit": 6,
        "Operating Income": 1,
        "EBIT": 1,
        "Net Income": 1
    },
    "2014-12-31": {
        "Diluted EPS": -0.05,
        "Total Revenue": 20,
        "Gross Profit": 6,
        "Operating Income": 1,
        "EBIT": 2,
        "Net Income": 1
    },
    "2014-09-30": {
        "Diluted EPS": 0.0,
        "Total Revenue": 16,
        "Gross Profit": 4,
        "Operating Income": 0,
        "EBIT": 1,
        "Net Income": 0
    },
    "2014-06-30": {
        "Diluted EPS": 0.0,
        "Total Revenue": 15,
        "Gross Profit": 4,
        "Operating Income": -1,
        "EBIT": 0,
        "Net Income": -1
    },
    "2014-03-31": {
        "Diluted EPS": -0.07,
        "Total Revenue": 15,
        "Gross Profit": 4,
        "Operating Income": -1,
        "EBIT": 0,
        "Net Income": -1
    },
    "2013-12-31": {
        "Diluted EPS": 0.01,
        "Total Revenue": 20,
        "Gross Profit": 6,
        "Operating Income": 0,
        "EBIT": 1,
        "Net Income": 0
    },
    "2013-09-30": {
        "Diluted EPS": 0.04,
        "Total Revenue": 20,
        "Gross Profit": 6,
        "Operating Income": 1,
        "EBIT": 1,
        "Net Income": 1
    },
    "2013-06-30": {
        "Diluted EPS": -0.12,
        "Total Revenue": 17,
        "Gross Profit": 5,
        "Operating Income": -2,
        "EBIT": -1,
        "Net Income": -2
    },
    "2013-03-31": {
        "Diluted EPS": 0.02,
        "Total Revenue": 21,
        "Gross Profit": 6,
        "Operating Income": 0,
        "EBIT": 1,
        "Net Income": 0
    },
    "2012-12-31": {
        "Diluted EPS": 0.08,
        "Total Revenue": 29,
        "Gross Profit": 9,
        "Operating Income": 2,
        "EBIT": 3,
        "Net Income": 1
    },
    "2012-09-30": {
        "Diluted EPS": 0.1,
        "Total Revenue": 26,
        "Gross Profit": 8,
        "Operating Income": 2,
        "EBIT": 3,
        "Net Income": 2
    },
    "2012-06-30": {
        "Diluted EPS": -0.18,
        "Total Revenue": 19,
        "Gross Profit": 4,
        "Operating Income": -3,
        "EBIT": -2,
        "Net Income": -3
    },
    "2012-03-31": {
        "Diluted EPS": -0.09,
        "Total Revenue": 28,
        "Gross Profit": 7,
        "Operating Income": -1,
        "EBIT": 0,
        "Net Income": -2
    },
    "2011-12-31": {
        "Diluted EPS": 0.1,
        "Total Revenue": 30,
        "Gross Profit": 9,
        "Operating Income": 2,
        "EBIT": 3,
        "Net Income": 2
    },
    "2011-09-30": {
        "Diluted EPS": 0.08,
        "Total Revenue": 35,
        "Gross Profit": 9,
        "Operating Income": 2,
        "EBIT": 3,
        "Net Income": 1
    },
    "2011-06-30": {
        "Diluted EPS": 0.03,
        "Total Revenue": 43,
        "Gross Profit": 12,
        "Operating Income": 3,
        "EBIT": 4,
        "Net Income": 0
    },
    "2011-03-31": {
        "Diluted EPS": -0.33,
        "Total Revenue": 28,
        "Gross Profit": 4,
        "Operating Income": -4,
        "EBIT": -3,
        "Net Income": -6
    },
    "2010-12-31": {
        "Diluted EPS": -0.64,
        "Total Revenue": 44,
        "Gross Profit": 13,
        "Operating Income": 4,
        "EBIT": 5,
        "Net Income": -11
    },
    "2010-09-30": {
        "Diluted EPS": 0.26,
        "Total Revenue": 51,
        "Gross Profit": 15,
        "Operating Income": 6,
        "EBIT": 7,
        "Net Income": 5
    },
    "2010-06-30": {
        "Diluted EPS": 0.0,
        "Total Revenue": 34,
        "Gross Profit": 9,
        "Operating Income": 1,
        "EBIT": 2,
        "Net Income": 0
    },
    "2010-03-31": {
        "Diluted EPS": 0.02,
        "Total Revenue": 39,
        "Gross Profit": 10,
        "Operating Income": 1,
        "EBIT": 2,
        "Net Income": 0
    },
    "2009-12-31": {
        "Diluted EPS": 0.06,
        "Total Revenue": 33,
        "Gross Profit": 10,
        "Operating Income": 5,
        "EBIT": 6,
        "Net Income": 1
    },
    "2009-09-30": {
        "Diluted EPS": -0.04,
        "Total Revenue": 42,
        "Gross Profit": 10,
        "Operating Income": 0,
        "EBIT": 1,
        "Net Income": -1
    },
    "2009-06-30": {
        "Diluted EPS": -0.41,
        "Total Revenue": 40,
        "Gross Profit": 7,
        "Operating Income": -6,
        "EBIT": -5,
        "Net Income": -7
    },
    "2009-03-31": {
        "Diluted EPS": -0.15,
        "Total Revenue": 40,
        "Gross Profit": 8,
        "Operating Income": -2,
        "EBIT": -1,
        "Net Income": -3
    },
    "2023-09-30": {
        "Tax Effect Of Unusual Items": 0.0,
        "Tax Rate For Calcs": 0.255,
        "Normalized EBITDA": 3322000.0,
        "Net Income From Continuing Operation Net Minority Interest": 1330000.0,
        "Reconciled Depreciation": 987000.0,
        "Reconciled Cost Of Revenue": 29714000.0,
        "EBITDA": 3322000.0,
        "EBIT": 2335000.0,
        "Net Interest Income": -586000.0,
        "Interest Expense": 586000.0,
        "Normalized Income": 1330000.0,
        "Net Income From Continuing And Discontinued Operation": 1330000.0,
        "Total Expenses": 37353000.0,
        "Total Operating Income As Reported": 2135000.0,
        "Diluted NI Availto Com Stockholders": 1330000.0,
        "Net Income Common Stockholders": 1330000.0,
        "Net Income": 1330000.0,
        "Minority Interests": 27000.0,
        "Net Income Including Noncontrolling Interests": 1303000.0,
        "Net Income Continuous Operations": 1303000.0,
        "Tax Provision": 446000.0,
        "Pretax Income": 1749000.0,
        "Other Income Expense": 200000.0,
        "Other Non Operating Income Expenses": 200000.0,
        "Net Non Operating Interest Income Expense": -586000.0,
        "Interest Expense Non Operating": 586000.0,
        "Operating Income": 2135000.0,
        "Operating Expense": 7639000.0,
        "Research And Development": 1869000.0,
        "Selling General And Administration": 5770000.0,
        "Gross Profit": 9774000.0,
        "Cost Of Revenue": 29714000.0,
        "Total Revenue": 39488000.0,
        "Operating Revenue": 39488000.0
    }
}