{
    "2023-03-31": {
        "Tax Effect Of Unusual Items": NaN,
        "Tax Rate For Calcs": NaN,
        "Normalized EBITDA": NaN,
        "Total Unusual Items": -1000000.0,
        "Total Unusual Items Excluding Goodwill": -1000000.0,
        "Net Income From Continuing Operation Net Minority Interest": NaN,
        "Reconciled Depreciation": NaN,
        "Reconciled Cost Of Revenue": NaN,
        "EBITDA": NaN,
        "EBIT": NaN,
        "Net Interest Income": NaN,
        "Interest Expense": NaN,
        "Interest Income": NaN,
        "Normalized Income": NaN,
        "Net Income From Continuing And Discontinued Operation": NaN,
        "Total Expenses": NaN,
        "Rent Expense Supplemental": NaN,
        "Total Operating Income As Reported": NaN,
        "Diluted Average Shares": NaN,
        "Basic Average Shares": NaN,
        "Diluted EPS": NaN,
        "Basic EPS": NaN,
        "Diluted NI Availto Com Stockholders": NaN,
        "Net Income Common Stockholders": NaN,
        "Otherunder Preferred Stock Dividend": NaN,
        "Net Income": NaN,
        "Net Income Including Noncontrolling Interests": NaN,
        "Net Income Continuous Operations": NaN,
        "Tax Provision": NaN,
        "Pretax Income": NaN,
        "Other Income Expense": -1000000.0,
        "Special Income Charges": -1000000.0,
        "Restructuring And Mergern Acquisition": 1000000.0,
        "Net Non Operating Interest Income Expense": NaN,
        "Interest Expense Non Operating": NaN,
        "Interest Income Non Operating": NaN,
        "Operating Income": NaN,
        "Operating Expense": NaN,
        "Other Operating Expenses": NaN,
        "Selling General And Administration": NaN,
        "Selling And Marketing Expense": NaN,
        "Gross Profit": NaN,
        "Cost Of Revenue": NaN,
        "Total Revenue": NaN,
        "Operating Revenue": NaN
    },
    "2022-12-31": {
        "Tax Effect Of Unusual Items": NaN,
        "Tax Rate For Calcs": NaN,
        "Normalized EBITDA": NaN,
        "Total Unusual Items": -2000000.0,
        "Total Unusual Items Excluding Goodwill": -2000000.0,
        "Net Income From Continuing Operation Net Minority Interest": NaN,
        "Reconciled Depreciation": NaN,
        "Reconciled Cost Of Revenue": NaN,
        "EBITDA": NaN,
        "EBIT": NaN,
        "Net Interest Income": NaN,
        "Interest Expense": NaN,
        "Interest Income": NaN,
        "Normalized Income": NaN,
        "Net Income From Continuing And Discontinued Operation": NaN,
        "Total Expenses": NaN,
        "Rent Expense Supplemental": NaN,
        "Total Operating Income As Reported": NaN,
        "Diluted Average Shares": NaN,
        "Basic Average Shares": NaN,
        "Diluted EPS": NaN,
        "Basic EPS": NaN,
        "Diluted NI Availto Com Stockholders": NaN,
        "Net Income Common Stockholders": NaN,
        "Otherunder Preferred Stock Dividend": NaN,
        "Net Income": NaN,
        "Net Income Including Noncontrolling Interests": NaN,
        "Net Income Continuous Operations": NaN,
        "Tax Provision": NaN,
        "Pretax Income": NaN,
        "Other Income Expense": -2000000.0,
        "Special Income Charges": -2000000.0,
        "Restructuring And Mergern Acquisition": 2000000.0,
        "Net Non Operating Interest Income Expense": NaN,
        "Interest Expense Non Operating": NaN,
        "Interest Income Non Operating": NaN,
        "Operating Income": NaN,
        "Operating Expense": NaN,
        "Other Operating Expenses": NaN,
        "Selling General And Administration": NaN,
        "Selling And Marketing Expense": NaN,
        "Gross Profit": NaN,
        "Cost Of Revenue": NaN,
        "Total Revenue": NaN,
        "Operating Revenue": NaN
    },
    "2022-09-30": {
        "Tax Effect Of Unusual Items": NaN,
        "Tax Rate For Calcs": NaN,
        "Normalized EBITDA": NaN,
        "Total Unusual Items": NaN,
        "Total Unusual Items Excluding Goodwill": NaN,
        "Net Income From Continuing Operation Net Minority Interest": NaN,
        "Reconciled Depreciation": NaN,
        "Reconciled Cost Of Revenue": NaN,
        "EBITDA": NaN,
        "EBIT": NaN,
        "Net Interest Income": NaN,
        "Interest Expense": NaN,
        "Interest Income": NaN,
        "Normalized Income": NaN,
        "Net Income From Continuing And Discontinued Operation": NaN,
        "Total Expenses": NaN,
        "Rent Expense Supplemental": NaN,
        "Total Operating Income As Reported": NaN,
        "Diluted Average Shares": NaN,
        "Basic Average Shares": NaN,
        "Diluted EPS": NaN,
        "Basic EPS": NaN,
        "Diluted NI Availto Com Stockholders": NaN,
        "Net Income Common Stockholders": NaN,
        "Otherunder Preferred Stock Dividend": NaN,
        "Net Income": NaN,
        "Net Income Including Noncontrolling Interests": NaN,
        "Net Income Continuous Operations": NaN,
        "Tax Provision": NaN,
        "Pretax Income": NaN,
        "Other Income Expense": 12000000.0,
        "Special Income Charges": NaN,
        "Restructuring And Mergern Acquisition": NaN,
        "Net Non Operating Interest Income Expense": NaN,
        "Interest Expense Non Operating": NaN,
        "Interest Income Non Operating": NaN,
        "Operating Income": NaN,
        "Operating Expense": NaN,
        "Other Operating Expenses": NaN,
        "Selling General And Administration": NaN,
        "Selling And Marketing Expense": NaN,
        "Gross Profit": NaN,
        "Cost Of Revenue": NaN,
        "Total Revenue": NaN,
        "Operating Revenue": NaN
    },
    "2022-06-30": {
        "Tax Effect Of Unusual Items": -3600000.0,
        "Tax Rate For Calcs": 0.4,
        "Normalized EBITDA": 33000000.0,
        "Total Unusual Items": -9000000.0,
        "Total Unusual Items Excluding Goodwill": -9000000.0,
        "Net Income From Continuing Operation Net Minority Interest": 13000000.0,
        "Reconciled Depreciation": 15000000.0,
        "Reconciled Cost Of Revenue": 808000000.0,
        "EBITDA": 24000000.0,
        "EBIT": 9000000.0,
        "Net Interest Income": 1000000.0,
        "Interest Expense": 1000000.0,
        "Interest Income": 2000000.0,
        "Normalized Income": 18400000.0,
        "Net Income From Continuing And Discontinued Operation": 13000000.0,
        "Total Expenses": 893000000.0,
        "Rent Expense Supplemental": 133000000.0,
        "Total Operating Income As Reported": 7000000.0,
        "Diluted Average Shares": 218936545.0,
        "Basic Average Shares": 217602480.0,
        "Diluted EPS": 0.06,
        "Basic EPS": 0.06,
        "Diluted NI Availto Com Stockholders": 13000000.0,
        "Net Income Common Stockholders": 13000000.0,
        "Otherunder Preferred Stock Dividend": 0.0,
        "Net Income": 13000000.0,
        "Net Income Including Noncontrolling Interests": 13000000.0,
        "Net Income Continuous Operations": 13000000.0,
        "Tax Provision": -5000000.0,
        "Pretax Income": 8000000.0,
        "Other Income Expense": -9000000.0,
        "Special Income Charges": -9000000.0,
        "Restructuring And Mergern Acquisition": 9000000.0,
        "Net Non Operating Interest Income Expense": 1000000.0,
        "Interest Expense Non Operating": 1000000.0,
        "Interest Income Non Operating": 2000000.0,
        "Operating Income": 16000000.0,
        "Operating Expense": 85000000.0,
        "Other Operating Expenses": 39000000.0,
        "Selling General And Administration": 46000000.0,
        "Selling And Marketing Expense": 46000000.0,
        "Gross Profit": 101000000.0,
        "Cost Of Revenue": 808000000.0,
        "Total Revenue": 909000000.0,
        "Operating Revenue": 890000000.0
    },
    "2023-06-30": {
        "Tax Effect Of Unusual Items": 0.0,
        "Tax Rate For Calcs": 0.193,
        "Normalized EBITDA": 101000000.0,
        "Total Unusual Items": 0.0,
        "Total Unusual Items Excluding Goodwill": 0.0,
        "Net Income From Continuing Operation Net Minority Interest": 71000000.0,
        "Reconciled Depreciation": 12000000.0,
        "Reconciled Cost Of Revenue": 791000000.0,
        "EBITDA": 101000000.0,
        "EBIT": 89000000.0,
        "Net Interest Income": 9000000.0,
        "Interest Expense": 1000000.0,
        "Interest Income": 10000000.0,
        "Normalized Income": 71000000.0,
        "Net Income From Continuing And Discontinued Operation": 71000000.0,
        "Total Expenses": 888000000.0,
        "Rent Expense Supplemental": 148000000.0,
        "Total Operating Income As Reported": 79000000.0,
        "Diluted Average Shares": 220425659.0,
        "Basic Average Shares": 219402647.0,
        "Diluted EPS": 0.31,
        "Basic EPS": 0.32,
        "Diluted NI Availto Com Stockholders": 69000000.0,
        "Net Income Common Stockholders": 69000000.0,
        "Otherunder Preferred Stock Dividend": 2000000.0,
        "Net Income": 71000000.0,
        "Net Income Including Noncontrolling Interests": 71000000.0,
        "Net Income Continuous Operations": 71000000.0,
        "Tax Provision": 17000000.0,
        "Pretax Income": 88000000.0,
        "Other Income Expense": NaN,
        "Special Income Charges": 0.0,
        "Restructuring And Mergern Acquisition": 0.0,
        "Net Non Operating Interest Income Expense": 9000000.0,
        "Interest Expense Non Operating": 1000000.0,
        "Interest Income Non Operating": 10000000.0,
        "Operating Income": 79000000.0,
        "Operating Expense": 97000000.0,
        "Other Operating Expenses": 53000000.0,
        "Selling General And Administration": 44000000.0,
        "Selling And Marketing Expense": 44000000.0,
        "Gross Profit": 176000000.0,
        "Cost Of Revenue": 791000000.0,
        "Total Revenue": 967000000.0,
        "Operating Revenue": 945000000.0
    },
    "2022-03-31": {
        "Diluted EPS": -0.56,
        "Total Revenue": 605,
        "Gross Profit": 123,
        "Operating Income": -153,
        "EBIT": -140,
        "Net Income": -121
    },
    "2021-12-31": {
        "Diluted EPS": -0.2,
        "Total Revenue": 609,
        "Gross Profit": 156,
        "Operating Income": -86,
        "EBIT": -76,
        "Net Income": -51
    },
    "2021-09-30": {
        "Diluted EPS": 0.1,
        "Total Revenue": 630,
        "Gross Profit": 199,
        "Operating Income": 43,
        "EBIT": 53,
        "Net Income": 22
    },
    "2021-06-30": {
        "Diluted EPS": 0.08,
        "Total Revenue": 550,
        "Gross Profit": 144,
        "Operating Income": 18,
        "EBIT": 29,
        "Net Income": 18
    },
    "2021-03-31": {
        "Diluted EPS": -0.46,
        "Total Revenue": 271,
        "Gross Profit": -47,
        "Operating Income": -92,
        "EBIT": -84,
        "Net Income": -91
    },
    "2020-12-31": {
        "Diluted EPS": -0.63,
        "Total Revenue": 267,
        "Gross Profit": -19,
        "Operating Income": -184,
        "EBIT": -174,
        "Net Income": -127
    },
    "2020-09-30": {
        "Diluted EPS": -0.26,
        "Total Revenue": 245,
        "Gross Profit": -12,
        "Operating Income": -81,
        "EBIT": -73,
        "Net Income": -51
    },
    "2020-06-30": {
        "Diluted EPS": 0.08,
        "Total Revenue": 194,
        "Gross Profit": 92,
        "Operating Income": 6,
        "EBIT": 13,
        "Net Income": 17
    },
    "2020-03-31": {
        "Diluted EPS": -0.32,
        "Total Revenue": 544,
        "Gross Profit": 115,
        "Operating Income": -106,
        "EBIT": -98,
        "Net Income": -64
    },
    "2019-12-31": {
        "Diluted EPS": 0.0,
        "Total Revenue": NaN,
        "Gross Profit": NaN,
        "Operating Income": NaN,
        "EBIT": NaN,
        "Net Income": NaN
    },
    "2018-12-31": {
        "Diluted EPS": 0.0,
        "Total Revenue": NaN,
        "Gross Profit": NaN,
        "Operating Income": NaN,
        "EBIT": NaN,
        "Net Income": NaN
    },
    "2023-09-30": {
        "Tax Effect Of Unusual Items": 0.0,
        "Tax Rate For Calcs": 0.289,
        "Normalized EBITDA": -31000000.0,
        "Total Unusual Items": 0.0,
        "Total Unusual Items Excluding Goodwill": 0.0,
        "Net Income From Continuing Operation Net Minority Interest": -32000000.0,
        "Reconciled Depreciation": 13000000.0,
        "Reconciled Cost Of Revenue": 856000000.0,
        "EBITDA": -31000000.0,
        "EBIT": -44000000.0,
        "Net Interest Income": 9000000.0,
        "Interest Expense": 1000000.0,
        "Interest Income": 10000000.0,
        "Normalized Income": -32000000.0,
        "Net Income From Continuing And Discontinued Operation": -32000000.0,
        "Total Expenses": 937000000.0,
        "Rent Expense Supplemental": 150000000.0,
        "Total Operating Income As Reported": -54000000.0,
        "Diluted Average Shares": 220837983.0,
        "Basic Average Shares": 220837983.0,
        "Diluted EPS": -0.14,
        "Basic EPS": -0.14,
        "Diluted NI Availto Com Stockholders": -32000000.0,
        "Net Income Common Stockholders": -32000000.0,
        "Otherunder Preferred Stock Dividend": 0.0,
        "Net Income": -32000000.0,
        "Net Income Including Noncontrolling Interests": -32000000.0,
        "Net Income Continuous Operations": -32000000.0,
        "Tax Provision": -13000000.0,
        "Pretax Income": -45000000.0,
        "Other Income Expense": NaN,
        "Special Income Charges": 0.0,
        "Restructuring And Mergern Acquisition": 0.0,
        "Net Non Operating Interest Income Expense": 9000000.0,
        "Interest Expense Non Operating": 1000000.0,
        "Interest Income Non Operating": 10000000.0,
        "Operating Income": -54000000.0,
        "Operating Expense": 81000000.0,
        "Other Operating Expenses": 40000000.0,
        "Selling General And Administration": 41000000.0,
        "Selling And Marketing Expense": 41000000.0,
        "Gross Profit": 27000000.0,
        "Cost Of Revenue": 856000000.0,
        "Total Revenue": 883000000.0,
        "Operating Revenue": 862000000.0
    },
    "2023-12-31": {
        "Tax Effect Of Unusual Items": 0.0,
        "Tax Rate For Calcs": 0.21,
        "Normalized EBITDA": 19000000.0,
        "Total Unusual Items": 0.0,
        "Total Unusual Items Excluding Goodwill": 0.0,
        "Net Income From Continuing Operation Net Minority Interest": -37000000.0,
        "Reconciled Depreciation": 14000000.0,
        "Reconciled Cost Of Revenue": 834000000.0,
        "EBITDA": 19000000.0,
        "EBIT": 5000000.0,
        "Net Interest Income": 9000000.0,
        "Interest Expense": -1000000.0,
        "Interest Income": 8000000.0,
        "Normalized Income": -37000000.0,
        "Net Income From Continuing And Discontinued Operation": -37000000.0,
        "Total Expenses": 894000000.0,
        "Rent Expense Supplemental": 125000000.0,
        "Total Operating Income As Reported": -3000000.0,
        "Diluted Average Shares": 221930738.0,
        "Basic Average Shares": 221930738.0,
        "Diluted EPS": -0.17,
        "Basic EPS": -0.17,
        "Diluted NI Availto Com Stockholders": -37000000.0,
        "Net Income Common Stockholders": -37000000.0,
        "Otherunder Preferred Stock Dividend": 0.0,
        "Net Income": -37000000.0,
        "Net Income Including Noncontrolling Interests": -37000000.0,
        "Net Income Continuous Operations": -37000000.0,
        "Tax Provision": 43000000.0,
        "Pretax Income": 6000000.0,
        "Other Income Expense": 0.0,
        "Special Income Charges": 0.0,
        "Restructuring And Mergern Acquisition": 0.0,
        "Net Non Operating Interest Income Expense": 9000000.0,
        "Interest Expense Non Operating": -1000000.0,
        "Interest Income Non Operating": 8000000.0,
        "Operating Income": -3000000.0,
        "Operating Expense": 60000000.0,
        "Other Operating Expenses": 21000000.0,
        "Selling General And Administration": 39000000.0,
        "Selling And Marketing Expense": 39000000.0,
        "Gross Profit": 57000000.0,
        "Cost Of Revenue": 834000000.0,
        "Total Revenue": 891000000.0,
        "Operating Revenue": 872000000.0
    },
    "2024-03-31": {
        "Tax Effect Of Unusual Items": 0.0,
        "Tax Rate For Calcs": 0.21,
        "Normalized EBITDA": -8000000.0,
        "Total Unusual Items": NaN,
        "Total Unusual Items Excluding Goodwill": NaN,
        "Net Income From Continuing Operation Net Minority Interest": -26000000.0,
        "Reconciled Depreciation": 16000000.0,
        "Reconciled Cost Of Revenue": 857000000.0,
        "EBITDA": -8000000.0,
        "EBIT": -24000000.0,
        "Net Interest Income": 7000000.0,
        "Interest Expense": 0.0,
        "Interest Income": 7000000.0,
        "Normalized Income": -26000000.0,
        "Net Income From Continuing And Discontinued Operation": -26000000.0,
        "Total Expenses": 896000000.0,
        "Rent Expense Supplemental": 159000000.0,
        "Total Operating Income As Reported": -31000000.0,
        "Diluted Average Shares": 223428610.0,
        "Basic Average Shares": 223428610.0,
        "Diluted EPS": -0.12,
        "Basic EPS": -0.12,
        "Diluted NI Availto Com Stockholders": -26000000.0,
        "Net Income Common Stockholders": -26000000.0,
        "Otherunder Preferred Stock Dividend": 0.0,
        "Net Income": -26000000.0,
        "Net Income Including Noncontrolling Interests": -26000000.0,
        "Net Income Continuous Operations": -26000000.0,
        "Tax Provision": 2000000.0,
        "Pretax Income": -24000000.0,
        "Other Income Expense": NaN,
        "Special Income Charges": NaN,
        "Restructuring And Mergern Acquisition": NaN,
        "Net Non Operating Interest Income Expense": 7000000.0,
        "Interest Expense Non Operating": 0.0,
        "Interest Income Non Operating": 7000000.0,
        "Operating Income": -31000000.0,
        "Operating Expense": 39000000.0,
        "Other Operating Expenses": -1000000.0,
        "Selling General And Administration": 40000000.0,
        "Selling And Marketing Expense": 40000000.0,
        "Gross Profit": 8000000.0,
        "Cost Of Revenue": 857000000.0,
        "Total Revenue": 865000000.0,
        "Operating Revenue": 845000000.0
    },
    "2024-06-30": {
        "Tax Effect Of Unusual Items": 0.0,
        "Tax Rate For Calcs": 0.03125,
        "Normalized EBITDA": 51000000.0,
        "Total Unusual Items": NaN,
        "Total Unusual Items Excluding Goodwill": NaN,
        "Net Income From Continuing Operation Net Minority Interest": 31000000.0,
        "Reconciled Depreciation": 18000000.0,
        "Reconciled Cost Of Revenue": 902000000.0,
        "EBITDA": 51000000.0,
        "EBIT": 33000000.0,
        "Net Interest Income": 7000000.0,
        "Interest Expense": 1000000.0,
        "Interest Income": 8000000.0,
        "Normalized Income": 31000000.0,
        "Net Income From Continuing And Discontinued Operation": 31000000.0,
        "Total Expenses": 948000000.0,
        "Rent Expense Supplemental": 147000000.0,
        "Total Operating Income As Reported": 25000000.0,
        "Diluted Average Shares": 226603798.0,
        "Basic Average Shares": 224214030.0,
        "Diluted EPS": 0.14,
        "Basic EPS": 0.14,
        "Diluted NI Availto Com Stockholders": 31000000.0,
        "Net Income Common Stockholders": 31000000.0,
        "Otherunder Preferred Stock Dividend": 0.0,
        "Net Income": 31000000.0,
        "Net Income Including Noncontrolling Interests": 31000000.0,
        "Net Income Continuous Operations": 31000000.0,
        "Tax Provision": 1000000.0,
        "Pretax Income": 32000000.0,
        "Other Income Expense": NaN,
        "Special Income Charges": NaN,
        "Restructuring And Mergern Acquisition": NaN,
        "Net Non Operating Interest Income Expense": 7000000.0,
        "Interest Expense Non Operating": 1000000.0,
        "Interest Income Non Operating": 8000000.0,
        "Operating Income": 25000000.0,
        "Operating Expense": 46000000.0,
        "Other Operating Expenses": -1000000.0,
        "Selling General And Administration": 47000000.0,
        "Selling And Marketing Expense": 47000000.0,
        "Gross Profit": 71000000.0,
        "Cost Of Revenue": 902000000.0,
        "Total Revenue": 973000000.0,
        "Operating Revenue": 950000000.0
    }
}