{
    "2023-06-30": {
        "Tax Effect Of Unusual Items": 0.0,
        "Tax Rate For Calcs": 0.253,
        "Normalized EBITDA": 56460000.0,
        "Net Income From Continuing Operation Net Minority Interest": 23566000.0,
        "Reconciled Depreciation": 19160000.0,
        "Reconciled Cost Of Revenue": 349227000.0,
        "EBITDA": 56460000.0,
        "EBIT": 37300000.0,
        "Net Interest Income": -5121000.0,
        "Interest Expense": 5742000.0,
        "Interest Income": 621000.0,
        "Normalized Income": 23566000.0,
        "Net Income From Continuing And Discontinued Operation": 23566000.0,
        "Total Expenses": 376177000.0,
        "Rent Expense Supplemental": 11041000.0,
        "Total Operating Income As Reported": 36395000.0,
        "Diluted Average Shares": 26308000.0,
        "Basic Average Shares": 26287000.0,
        "Diluted EPS": 0.9,
        "Basic EPS": 0.9,
        "Diluted NI Availto Com Stockholders": 23566000.0,
        "Net Income Common Stockholders": 23566000.0,
        "Net Income": 23566000.0,
        "Net Income Including Noncontrolling Interests": 23566000.0,
        "Net Income Continuous Operations": 23566000.0,
        "Tax Provision": 7992000.0,
        "Pretax Income": 31558000.0,
        "Other Income Expense": 284000.0,
        "Other Non Operating Income Expenses": 284000.0,
        "Net Non Operating Interest Income Expense": -5121000.0,
        "Interest Expense Non Operating": 5742000.0,
        "Interest Income Non Operating": 621000.0,
        "Operating Income": 36395000.0,
        "Operating Expense": 26950000.0,
        "Other Operating Expenses": 7643000.0,
        "Selling General And Administration": 19307000.0,
        "Selling And Marketing Expense": NaN,
        "General And Administrative Expense": 19307000.0,
        "Other Gand A": 13418000.0,
        "Insurance And Claims": 5889000.0,
        "Gross Profit": 63345000.0,
        "Cost Of Revenue": 349227000.0,
        "Total Revenue": 412572000.0,
        "Operating Revenue": 412572000.0
    },
    "2023-03-31": {
        "Tax Effect Of Unusual Items": NaN,
        "Tax Rate For Calcs": NaN,
        "Normalized EBITDA": NaN,
        "Total Unusual Items": NaN,
        "Total Unusual Items Excluding Goodwill": NaN,
        "Net Income From Continuing Operation Net Minority Interest": NaN,
        "Reconciled Depreciation": NaN,
        "Reconciled Cost Of Revenue": NaN,
        "EBITDA": NaN,
        "EBIT": NaN,
        "Net Interest Income": NaN,
        "Interest Expense": NaN,
        "Interest Income": NaN,
        "Normalized Income": NaN,
        "Net Income From Continuing And Discontinued Operation": NaN,
        "Total Expenses": NaN,
        "Rent Expense Supplemental": NaN,
        "Total Operating Income As Reported": NaN,
        "Diluted Average Shares": NaN,
        "Basic Average Shares": NaN,
        "Diluted EPS": NaN,
        "Basic EPS": NaN,
        "Diluted NI Availto Com Stockholders": NaN,
        "Net Income Common Stockholders": NaN,
        "Net Income": NaN,
        "Net Income Including Noncontrolling Interests": NaN,
        "Net Income Continuous Operations": NaN,
        "Tax Provision": NaN,
        "Pretax Income": NaN,
        "Other Income Expense": NaN,
        "Other Non Operating Income Expenses": NaN,
        "Special Income Charges": NaN,
        "Write Off": NaN,
        "Net Non Operating Interest Income Expense": NaN,
        "Interest Expense Non Operating": NaN,
        "Interest Income Non Operating": NaN,
        "Operating Income": NaN,
        "Operating Expense": NaN,
        "Other Operating Expenses": NaN,
        "Selling General And Administration": NaN,
        "Selling And Marketing Expense": 8172000.0,
        "General And Administrative Expense": NaN,
        "Other Gand A": NaN,
        "Insurance And Claims": NaN,
        "Gross Profit": NaN,
        "Cost Of Revenue": NaN,
        "Total Revenue": NaN,
        "Operating Revenue": NaN
    },
    "2022-12-31": {
        "Tax Effect Of Unusual Items": NaN,
        "Tax Rate For Calcs": NaN,
        "Normalized EBITDA": NaN,
        "Net Income From Continuing Operation Net Minority Interest": NaN,
        "Reconciled Depreciation": NaN,
        "Reconciled Cost Of Revenue": NaN,
        "EBITDA": NaN,
        "EBIT": NaN,
        "Net Interest Income": NaN,
        "Interest Expense": NaN,
        "Interest Income": NaN,
        "Normalized Income": NaN,
        "Net Income From Continuing And Discontinued Operation": NaN,
        "Total Expenses": NaN,
        "Rent Expense Supplemental": NaN,
        "Total Operating Income As Reported": NaN,
        "Diluted Average Shares": NaN,
        "Basic Average Shares": NaN,
        "Diluted EPS": NaN,
        "Basic EPS": NaN,
        "Diluted NI Availto Com Stockholders": NaN,
        "Net Income Common Stockholders": NaN,
        "Net Income": NaN,
        "Net Income Including Noncontrolling Interests": NaN,
        "Net Income Continuous Operations": NaN,
        "Tax Provision": NaN,
        "Pretax Income": NaN,
        "Other Income Expense": NaN,
        "Other Non Operating Income Expenses": NaN,
        "Net Non Operating Interest Income Expense": NaN,
        "Interest Expense Non Operating": NaN,
        "Interest Income Non Operating": NaN,
        "Operating Income": NaN,
        "Operating Expense": NaN,
        "Other Operating Expenses": NaN,
        "Selling General And Administration": NaN,
        "Selling And Marketing Expense": 8876000.0,
        "General And Administrative Expense": NaN,
        "Other Gand A": NaN,
        "Insurance And Claims": NaN,
        "Gross Profit": NaN,
        "Cost Of Revenue": NaN,
        "Total Revenue": NaN,
        "Operating Revenue": NaN
    },
    "2022-09-30": {
        "Tax Effect Of Unusual Items": NaN,
        "Tax Rate For Calcs": NaN,
        "Normalized EBITDA": NaN,
        "Net Income From Continuing Operation Net Minority Interest": NaN,
        "Reconciled Depreciation": NaN,
        "Reconciled Cost Of Revenue": NaN,
        "EBITDA": NaN,
        "EBIT": NaN,
        "Net Interest Income": NaN,
        "Interest Expense": NaN,
        "Interest Income": NaN,
        "Normalized Income": NaN,
        "Net Income From Continuing And Discontinued Operation": NaN,
        "Total Expenses": NaN,
        "Rent Expense Supplemental": NaN,
        "Total Operating Income As Reported": NaN,
        "Diluted Average Shares": NaN,
        "Basic Average Shares": NaN,
        "Diluted EPS": NaN,
        "Basic EPS": NaN,
        "Diluted NI Availto Com Stockholders": NaN,
        "Net Income Common Stockholders": NaN,
        "Net Income": NaN,
        "Net Income Including Noncontrolling Interests": NaN,
        "Net Income Continuous Operations": NaN,
        "Tax Provision": NaN,
        "Pretax Income": NaN,
        "Other Income Expense": NaN,
        "Other Non Operating Income Expenses": NaN,
        "Net Non Operating Interest Income Expense": NaN,
        "Interest Expense Non Operating": NaN,
        "Interest Income Non Operating": NaN,
        "Operating Income": NaN,
        "Operating Expense": NaN,
        "Other Operating Expenses": NaN,
        "Selling General And Administration": NaN,
        "Selling And Marketing Expense": 10632000.0,
        "General And Administrative Expense": NaN,
        "Other Gand A": NaN,
        "Insurance And Claims": NaN,
        "Gross Profit": NaN,
        "Cost Of Revenue": NaN,
        "Total Revenue": NaN,
        "Operating Revenue": NaN
    },
    "2022-06-30": {
        "Tax Effect Of Unusual Items": 0.0,
        "Tax Rate For Calcs": 0.253885,
        "Normalized EBITDA": 63828000.0,
        "Net Income From Continuing Operation Net Minority Interest": 44699000.0,
        "Reconciled Depreciation": 27058000.0,
        "Reconciled Cost Of Revenue": 437635000.0,
        "EBITDA": 63828000.0,
        "EBIT": 63828000.0,
        "Net Interest Income": -3919000.0,
        "Interest Expense": 3919000.0,
        "Interest Income": 6000.0,
        "Normalized Income": 44699000.0,
        "Net Income From Continuing And Discontinued Operation": 44699000.0,
        "Total Expenses": 462531000.0,
        "Rent Expense Supplemental": 10001000.0,
        "Total Operating Income As Reported": 64651000.0,
        "Diluted Average Shares": 26468000.0,
        "Basic Average Shares": 26453000.0,
        "Diluted EPS": 1.69,
        "Basic EPS": 1.69,
        "Diluted NI Availto Com Stockholders": 44699000.0,
        "Net Income Common Stockholders": 44699000.0,
        "Net Income": 44699000.0,
        "Net Income Including Noncontrolling Interests": 44699000.0,
        "Net Income Continuous Operations": 44699000.0,
        "Tax Provision": 15210000.0,
        "Pretax Income": 59909000.0,
        "Other Income Expense": -823000.0,
        "Other Non Operating Income Expenses": -823000.0,
        "Net Non Operating Interest Income Expense": -3919000.0,
        "Interest Expense Non Operating": 3919000.0,
        "Interest Income Non Operating": 6000.0,
        "Operating Income": 64651000.0,
        "Operating Expense": 24896000.0,
        "Other Operating Expenses": 10757000.0,
        "Selling General And Administration": 14139000.0,
        "Selling And Marketing Expense": 10757000.0,
        "General And Administrative Expense": 14139000.0,
        "Other Gand A": 11541000.0,
        "Insurance And Claims": 2598000.0,
        "Gross Profit": 89547000.0,
        "Cost Of Revenue": 437635000.0,
        "Total Revenue": 527182000.0,
        "Operating Revenue": 527182000.0
    },
    "2022-03-31": {
        "Diluted EPS": 1.56,
        "Total Revenue": 524,
        "Gross Profit": 145,
        "Operating Income": 58,
        "EBIT": 74,
        "Net Income": 42
    },
    "2021-12-31": {
        "Diluted EPS": 0.61,
        "Total Revenue": 467,
        "Gross Profit": 114,
        "Operating Income": 24,
        "EBIT": 40,
        "Net Income": 16
    },
    "2021-09-30": {
        "Diluted EPS": 0.38,
        "Total Revenue": 446,
        "Gross Profit": 105,
        "Operating Income": 17,
        "EBIT": 33,
        "Net Income": 10
    },
    "2021-06-30": {
        "Diluted EPS": 0.95,
        "Total Revenue": 423,
        "Gross Profit": 105,
        "Operating Income": 31,
        "EBIT": 48,
        "Net Income": 26
    },
    "2021-03-31": {
        "Diluted EPS": 0.8,
        "Total Revenue": 415,
        "Gross Profit": 111,
        "Operating Income": 31,
        "EBIT": 50,
        "Net Income": 22
    },
    "2020-12-31": {
        "Diluted EPS": 0.6,
        "Total Revenue": 386,
        "Gross Profit": 97,
        "Operating Income": 24,
        "EBIT": 43,
        "Net Income": 16
    },
    "2020-09-30": {
        "Diluted EPS": 0.5,
        "Total Revenue": 365,
        "Gross Profit": 92,
        "Operating Income": 22,
        "EBIT": 39,
        "Net Income": 14
    },
    "2020-06-30": {
        "Diluted EPS": 0.23,
        "Total Revenue": 258,
        "Gross Profit": 67,
        "Operating Income": 11,
        "EBIT": 30,
        "Net Income": 6
    },
    "2020-03-31": {
        "Diluted EPS": 0.45,
        "Total Revenue": 382,
        "Gross Profit": 97,
        "Operating Income": 24,
        "EBIT": 44,
        "Net Income": 12
    },
    "2019-12-31": {
        "Diluted EPS": 0.33,
        "Total Revenue": 376,
        "Gross Profit": 95,
        "Operating Income": 16,
        "EBIT": 37,
        "Net Income": 9
    },
    "2019-09-30": {
        "Diluted EPS": -0.3,
        "Total Revenue": 375,
        "Gross Profit": 92,
        "Operating Income": -7,
        "EBIT": 12,
        "Net Income": -8
    },
    "2019-06-30": {
        "Diluted EPS": 0.7,
        "Total Revenue": 383,
        "Gross Profit": 103,
        "Operating Income": 31,
        "EBIT": 48,
        "Net Income": 20
    },
    "2019-03-31": {
        "Diluted EPS": 0.61,
        "Total Revenue": 377,
        "Gross Profit": 99,
        "Operating Income": 27,
        "EBIT": 44,
        "Net Income": 17
    },
    "2018-12-31": {
        "Diluted EPS": 0.32,
        "Total Revenue": 386,
        "Gross Profit": 94,
        "Operating Income": 18,
        "EBIT": 33,
        "Net Income": 9
    },
    "2018-09-30": {
        "Diluted EPS": 0.53,
        "Total Revenue": 374,
        "Gross Profit": 91,
        "Operating Income": 23,
        "EBIT": 37,
        "Net Income": 15
    },
    "2018-06-30": {
        "Diluted EPS": 0.62,
        "Total Revenue": 366,
        "Gross Profit": 91,
        "Operating Income": 26,
        "EBIT": 40,
        "Net Income": 18
    },
    "2018-03-31": {
        "Diluted EPS": 0.37,
        "Total Revenue": 335,
        "Gross Profit": 78,
        "Operating Income": 17,
        "EBIT": 29,
        "Net Income": 10
    },
    "2017-12-31": {
        "Diluted EPS": 0.86,
        "Total Revenue": 314,
        "Gross Profit": 75,
        "Operating Income": 13,
        "EBIT": 27,
        "Net Income": 24
    },
    "2017-09-30": {
        "Diluted EPS": -0.12,
        "Total Revenue": 313,
        "Gross Profit": 74,
        "Operating Income": -3,
        "EBIT": 8,
        "Net Income": -3
    },
    "2017-06-30": {
        "Diluted EPS": 0.1,
        "Total Revenue": 305,
        "Gross Profit": 73,
        "Operating Income": 6,
        "EBIT": 18,
        "Net Income": 3
    },
    "2017-03-31": {
        "Diluted EPS": 0.15,
        "Total Revenue": 284,
        "Gross Profit": 70,
        "Operating Income": 9,
        "EBIT": 20,
        "Net Income": 4
    },
    "2016-12-31": {
        "Diluted EPS": 0.09,
        "Total Revenue": 264,
        "Gross Profit": 63,
        "Operating Income": 6,
        "EBIT": 16,
        "Net Income": 3
    },
    "2016-09-30": {
        "Diluted EPS": 0.18,
        "Total Revenue": 271,
        "Gross Profit": 65,
        "Operating Income": 10,
        "EBIT": 19,
        "Net Income": 5
    },
    "2016-06-30": {
        "Diluted EPS": 0.32,
        "Total Revenue": 277,
        "Gross Profit": 71,
        "Operating Income": 17,
        "EBIT": 26,
        "Net Income": 9
    },
    "2016-03-31": {
        "Diluted EPS": 0.26,
        "Total Revenue": 260,
        "Gross Profit": 66,
        "Operating Income": 14,
        "EBIT": 23,
        "Net Income": 7
    },
    "2015-12-31": {
        "Diluted EPS": 0.34,
        "Total Revenue": 286,
        "Gross Profit": 73,
        "Operating Income": 18,
        "EBIT": 27,
        "Net Income": 9
    },
    "2015-09-30": {
        "Diluted EPS": 0.32,
        "Total Revenue": 284,
        "Gross Profit": 74,
        "Operating Income": 17,
        "EBIT": 26,
        "Net Income": 9
    },
    "2015-06-30": {
        "Diluted EPS": 0.44,
        "Total Revenue": 295,
        "Gross Profit": 83,
        "Operating Income": 23,
        "EBIT": 32,
        "Net Income": 13
    },
    "2015-03-31": {
        "Diluted EPS": 0.27,
        "Total Revenue": 264,
        "Gross Profit": 71,
        "Operating Income": 15,
        "EBIT": 24,
        "Net Income": 8
    },
    "2014-12-31": {
        "Diluted EPS": 0.35,
        "Total Revenue": 302,
        "Gross Profit": 81,
        "Operating Income": 19,
        "EBIT": 28,
        "Net Income": 11
    },
    "2014-09-30": {
        "Diluted EPS": 0.44,
        "Total Revenue": 302,
        "Gross Profit": 82,
        "Operating Income": 23,
        "EBIT": 32,
        "Net Income": 13
    },
    "2014-06-30": {
        "Diluted EPS": 0.45,
        "Total Revenue": 308,
        "Gross Profit": 85,
        "Operating Income": 24,
        "EBIT": 33,
        "Net Income": 14
    },
    "2014-03-31": {
        "Diluted EPS": 0.27,
        "Total Revenue": 279,
        "Gross Profit": 76,
        "Operating Income": 15,
        "EBIT": 22,
        "Net Income": 8
    },
    "2013-12-31": {
        "Diluted EPS": 0.37,
        "Total Revenue": 260,
        "Gross Profit": 64,
        "Operating Income": 19,
        "EBIT": 24,
        "Net Income": 11
    },
    "2013-09-30": {
        "Diluted EPS": 0.46,
        "Total Revenue": 262,
        "Gross Profit": 64,
        "Operating Income": 22,
        "EBIT": 27,
        "Net Income": 14
    },
    "2013-06-30": {
        "Diluted EPS": 0.47,
        "Total Revenue": 264,
        "Gross Profit": 67,
        "Operating Income": 24,
        "EBIT": 29,
        "Net Income": 14
    },
    "2013-03-31": {
        "Diluted EPS": 0.38,
        "Total Revenue": 248,
        "Gross Profit": 61,
        "Operating Income": 19,
        "EBIT": 24,
        "Net Income": 11
    },
    "2012-12-31": {
        "Diluted EPS": 0.09,
        "Total Revenue": 259,
        "Gross Profit": 63,
        "Operating Income": 14,
        "EBIT": 18,
        "Net Income": 2
    },
    "2012-09-30": {
        "Diluted EPS": 0.5,
        "Total Revenue": 257,
        "Gross Profit": 58,
        "Operating Income": 19,
        "EBIT": 23,
        "Net Income": 15
    },
    "2012-06-30": {
        "Diluted EPS": 0.52,
        "Total Revenue": 265,
        "Gross Profit": 61,
        "Operating Income": 19,
        "EBIT": 24,
        "Net Income": 16
    },
    "2012-03-31": {
        "Diluted EPS": 0.48,
        "Total Revenue": 256,
        "Gross Profit": 58,
        "Operating Income": 17,
        "EBIT": 22,
        "Net Income": 14
    },
    "2011-12-31": {
        "Diluted EPS": 0.92,
        "Total Revenue": 466,
        "Gross Profit": 131,
        "Operating Income": 48,
        "EBIT": 57,
        "Net Income": 39
    },
    "2011-09-30": {
        "Diluted EPS": 0.35,
        "Total Revenue": 188,
        "Gross Profit": 32,
        "Operating Income": 8,
        "EBIT": 11,
        "Net Income": 5
    },
    "2011-06-30": {
        "Diluted EPS": 0.25,
        "Total Revenue": 180,
        "Gross Profit": 30,
        "Operating Income": 6,
        "EBIT": 9,
        "Net Income": 4
    },
    "2011-03-31": {
        "Diluted EPS": 0.19,
        "Total Revenue": 158,
        "Gross Profit": 27,
        "Operating Income": 4,
        "EBIT": 7,
        "Net Income": 3
    },
    "2010-12-31": {
        "Diluted EPS": 0.9,
        "Total Revenue": 402,
        "Gross Profit": 112,
        "Operating Income": 42,
        "EBIT": 52,
        "Net Income": 36
    },
    "2010-09-30": {
        "Diluted EPS": 0.18,
        "Total Revenue": 156,
        "Gross Profit": 27,
        "Operating Income": 5,
        "EBIT": 7,
        "Net Income": 3
    },
    "2010-06-30": {
        "Diluted EPS": 0.29,
        "Total Revenue": 154,
        "Gross Profit": 28,
        "Operating Income": 4,
        "EBIT": 7,
        "Net Income": 5
    },
    "2010-03-31": {
        "Diluted EPS": 0.13,
        "Total Revenue": 139,
        "Gross Profit": 25,
        "Operating Income": 1,
        "EBIT": 4,
        "Net Income": 2
    },
    "2009-12-31": {
        "Diluted EPS": 0.11,
        "Total Revenue": 140,
        "Gross Profit": 24,
        "Operating Income": 3,
        "EBIT": 6,
        "Net Income": 2
    },
    "2009-09-30": {
        "Diluted EPS": 0.11,
        "Total Revenue": 128,
        "Gross Profit": 23,
        "Operating Income": 3,
        "EBIT": 5,
        "Net Income": 2
    },
    "2009-06-30": {
        "Diluted EPS": 0.08,
        "Total Revenue": 120,
        "Gross Profit": 23,
        "Operating Income": 2,
        "EBIT": 5,
        "Net Income": 1
    },
    "2009-03-31": {
        "Diluted EPS": 0.01,
        "Total Revenue": 115,
        "Gross Profit": 21,
        "Operating Income": 1,
        "EBIT": 3,
        "Net Income": 0
    },
    "2023-09-30": {
        "Tax Effect Of Unusual Items": 0.0,
        "Tax Rate For Calcs": 0.25303,
        "Normalized EBITDA": 56780000.0,
        "Total Unusual Items": 0.0,
        "Total Unusual Items Excluding Goodwill": 0.0,
        "Net Income From Continuing Operation Net Minority Interest": 23047000.0,
        "Reconciled Depreciation": 19386000.0,
        "Reconciled Cost Of Revenue": 355695000.0,
        "EBITDA": 56780000.0,
        "EBIT": 37394000.0,
        "Net Interest Income": -6495000.0,
        "Interest Expense": 6540000.0,
        "Interest Income": 45000.0,
        "Normalized Income": 23047000.0,
        "Net Income From Continuing And Discontinued Operation": 23047000.0,
        "Total Expenses": 384490000.0,
        "Rent Expense Supplemental": 10913000.0,
        "Total Operating Income As Reported": 36761000.0,
        "Diluted Average Shares": 26310000.0,
        "Basic Average Shares": 26286000.0,
        "Diluted EPS": 0.88,
        "Basic EPS": 0.88,
        "Diluted NI Availto Com Stockholders": 23047000.0,
        "Net Income Common Stockholders": 23047000.0,
        "Net Income": 23047000.0,
        "Net Income Including Noncontrolling Interests": 23047000.0,
        "Net Income Continuous Operations": 23047000.0,
        "Tax Provision": 7807000.0,
        "Pretax Income": 30854000.0,
        "Other Income Expense": 588000.0,
        "Other Non Operating Income Expenses": 588000.0,
        "Special Income Charges": 0.0,
        "Write Off": 0.0,
        "Net Non Operating Interest Income Expense": -6495000.0,
        "Interest Expense Non Operating": 6540000.0,
        "Interest Income Non Operating": 45000.0,
        "Operating Income": 36761000.0,
        "Operating Expense": 28795000.0,
        "Other Operating Expenses": 8334000.0,
        "Selling General And Administration": 20461000.0,
        "Selling And Marketing Expense": NaN,
        "General And Administrative Expense": 20461000.0,
        "Other Gand A": 13633000.0,
        "Insurance And Claims": 6828000.0,
        "Gross Profit": 65556000.0,
        "Cost Of Revenue": 355695000.0,
        "Total Revenue": 421251000.0,
        "Operating Revenue": 421251000.0
    },
    "2023-12-31": {
        "Tax Effect Of Unusual Items": 0.0,
        "Tax Rate For Calcs": 0.252653,
        "Normalized EBITDA": 54825000.0,
        "Total Unusual Items": NaN,
        "Total Unusual Items Excluding Goodwill": NaN,
        "Net Income From Continuing Operation Net Minority Interest": 21413000.0,
        "Reconciled Depreciation": 19975000.0,
        "Reconciled Cost Of Revenue": 330367000.0,
        "EBITDA": 54825000.0,
        "EBIT": 34850000.0,
        "Net Interest Income": -6163000.0,
        "Interest Expense": 6198000.0,
        "Interest Income": 35000.0,
        "Normalized Income": 21413000.0,
        "Net Income From Continuing And Discontinued Operation": 21413000.0,
        "Total Expenses": 356828000.0,
        "Rent Expense Supplemental": 11195000.0,
        "Total Operating Income As Reported": 34092000.0,
        "Diluted Average Shares": 26301000.0,
        "Basic Average Shares": 26284000.0,
        "Diluted EPS": 0.81,
        "Basic EPS": 0.81,
        "Diluted NI Availto Com Stockholders": 21413000.0,
        "Net Income Common Stockholders": 21413000.0,
        "Net Income": 21413000.0,
        "Net Income Including Noncontrolling Interests": 21413000.0,
        "Net Income Continuous Operations": 21413000.0,
        "Tax Provision": 7239000.0,
        "Pretax Income": 28652000.0,
        "Other Income Expense": 723000.0,
        "Other Non Operating Income Expenses": 723000.0,
        "Special Income Charges": NaN,
        "Write Off": NaN,
        "Net Non Operating Interest Income Expense": -6163000.0,
        "Interest Expense Non Operating": 6198000.0,
        "Interest Income Non Operating": 35000.0,
        "Operating Income": 34092000.0,
        "Operating Expense": 26461000.0,
        "Other Operating Expenses": 7221000.0,
        "Selling General And Administration": 19240000.0,
        "Selling And Marketing Expense": NaN,
        "General And Administrative Expense": 19240000.0,
        "Other Gand A": 12872000.0,
        "Insurance And Claims": 6368000.0,
        "Gross Profit": 60553000.0,
        "Cost Of Revenue": 330367000.0,
        "Total Revenue": 390920000.0,
        "Operating Revenue": 390920000.0
    },
    "2024-03-31": {
        "Tax Effect Of Unusual Items": 0.0,
        "Tax Rate For Calcs": 0.252,
        "Normalized EBITDA": 97115000.0,
        "Total Unusual Items": NaN,
        "Total Unusual Items Excluding Goodwill": NaN,
        "Net Income From Continuing Operation Net Minority Interest": 52457000.0,
        "Reconciled Depreciation": 20701000.0,
        "Reconciled Cost Of Revenue": 389531000.0,
        "EBITDA": 97115000.0,
        "EBIT": 76414000.0,
        "Net Interest Income": -6079000.0,
        "Interest Expense": 6297000.0,
        "Interest Income": 218000.0,
        "Normalized Income": 52457000.0,
        "Net Income From Continuing And Discontinued Operation": 52457000.0,
        "Total Expenses": 416815000.0,
        "Rent Expense Supplemental": 10568000.0,
        "Total Operating Income As Reported": 75092000.0,
        "Diluted Average Shares": 26328000.0,
        "Basic Average Shares": 26307000.0,
        "Diluted EPS": 1.99,
        "Basic EPS": 1.99,
        "Diluted NI Availto Com Stockholders": 52457000.0,
        "Net Income Common Stockholders": 52457000.0,
        "Net Income": 52457000.0,
        "Net Income Including Noncontrolling Interests": 52457000.0,
        "Net Income Continuous Operations": 52457000.0,
        "Tax Provision": 17660000.0,
        "Pretax Income": 70117000.0,
        "Other Income Expense": 1104000.0,
        "Other Non Operating Income Expenses": 1104000.0,
        "Special Income Charges": NaN,
        "Write Off": NaN,
        "Net Non Operating Interest Income Expense": -6079000.0,
        "Interest Expense Non Operating": 6297000.0,
        "Interest Income Non Operating": 218000.0,
        "Operating Income": 75092000.0,
        "Operating Expense": 27284000.0,
        "Other Operating Expenses": 6610000.0,
        "Selling General And Administration": 20674000.0,
        "Selling And Marketing Expense": NaN,
        "General And Administrative Expense": 20674000.0,
        "Other Gand A": 13507000.0,
        "Insurance And Claims": 7167000.0,
        "Gross Profit": 102376000.0,
        "Cost Of Revenue": 389531000.0,
        "Total Revenue": 491907000.0,
        "Operating Revenue": 491907000.0
    },
    "2024-06-30": {
        "Tax Effect Of Unusual Items": 0.0,
        "Tax Rate For Calcs": 0.253,
        "Normalized EBITDA": 85719000.0,
        "Total Unusual Items": NaN,
        "Total Unusual Items Excluding Goodwill": NaN,
        "Net Income From Continuing Operation Net Minority Interest": 30734000.0,
        "Reconciled Depreciation": 36809000.0,
        "Reconciled Cost Of Revenue": 383599000.0,
        "EBITDA": 85719000.0,
        "EBIT": 48910000.0,
        "Net Interest Income": -6883000.0,
        "Interest Expense": 7792000.0,
        "Interest Income": 909000.0,
        "Normalized Income": 30734000.0,
        "Net Income From Continuing And Discontinued Operation": 30734000.0,
        "Total Expenses": 415061000.0,
        "Rent Expense Supplemental": 10442000.0,
        "Total Operating Income As Reported": 47103000.0,
        "Diluted Average Shares": 26352000.0,
        "Basic Average Shares": 26317000.0,
        "Diluted EPS": 1.17,
        "Basic EPS": 1.17,
        "Diluted NI Availto Com Stockholders": 30734000.0,
        "Net Income Common Stockholders": 30734000.0,
        "Net Income": 30734000.0,
        "Net Income Including Noncontrolling Interests": 30734000.0,
        "Net Income Continuous Operations": 30734000.0,
        "Tax Provision": 10384000.0,
        "Pretax Income": 41118000.0,
        "Other Income Expense": 898000.0,
        "Other Non Operating Income Expenses": 898000.0,
        "Special Income Charges": NaN,
        "Write Off": NaN,
        "Net Non Operating Interest Income Expense": -6883000.0,
        "Interest Expense Non Operating": 7792000.0,
        "Interest Income Non Operating": 909000.0,
        "Operating Income": 47103000.0,
        "Operating Expense": 31462000.0,
        "Other Operating Expenses": 8890000.0,
        "Selling General And Administration": 22572000.0,
        "Selling And Marketing Expense": NaN,
        "General And Administrative Expense": 22572000.0,
        "Other Gand A": 14699000.0,
        "Insurance And Claims": 7873000.0,
        "Gross Profit": 78565000.0,
        "Cost Of Revenue": 383599000.0,
        "Total Revenue": 462164000.0,
        "Operating Revenue": 462164000.0
    },
    "2024-09-30": {
        "Tax Effect Of Unusual Items": -916956.447675,
        "Tax Rate For Calcs": 0.246494,
        "Normalized EBITDA": 77773000.0,
        "Total Unusual Items": -3720000.0,
        "Total Unusual Items Excluding Goodwill": -3720000.0,
        "Net Income From Continuing Operation Net Minority Interest": 26540000.0,
        "Reconciled Depreciation": 30285000.0,
        "Reconciled Cost Of Revenue": 354776000.0,
        "EBITDA": 74053000.0,
        "EBIT": 43768000.0,
        "Net Interest Income": -7416000.0,
        "Interest Expense": 8546000.0,
        "Interest Income": 1130000.0,
        "Normalized Income": 29343043.552325,
        "Net Income From Continuing And Discontinued Operation": 26540000.0,
        "Total Expenses": 380479000.0,
        "Rent Expense Supplemental": 11179000.0,
        "Total Operating Income As Reported": 42634000.0,
        "Diluted Average Shares": 26353000.0,
        "Basic Average Shares": 26318000.0,
        "Diluted EPS": 1.01,
        "Basic EPS": 1.01,
        "Diluted NI Availto Com Stockholders": 26540000.0,
        "Net Income Common Stockholders": 26540000.0,
        "Net Income": 26540000.0,
        "Net Income Including Noncontrolling Interests": 26540000.0,
        "Net Income Continuous Operations": 26540000.0,
        "Tax Provision": 8682000.0,
        "Pretax Income": 35222000.0,
        "Other Income Expense": -3716000.0,
        "Other Non Operating Income Expenses": 4000.0,
        "Special Income Charges": -3720000.0,
        "Write Off": 3720000.0,
        "Net Non Operating Interest Income Expense": -7416000.0,
        "Interest Expense Non Operating": 8546000.0,
        "Interest Income Non Operating": 1130000.0,
        "Operating Income": 46354000.0,
        "Operating Expense": 25703000.0,
        "Other Operating Expenses": 6985000.0,
        "Selling General And Administration": 18718000.0,
        "Selling And Marketing Expense": NaN,
        "General And Administrative Expense": 18718000.0,
        "Other Gand A": 13037000.0,
        "Insurance And Claims": 5681000.0,
        "Gross Profit": 72057000.0,
        "Cost Of Revenue": 354776000.0,
        "Total Revenue": 426833000.0,
        "Operating Revenue": 426833000.0
    }
}