{
    "2023-04-30": {
        "Tax Effect Of Unusual Items": 0.0,
        "Tax Rate For Calcs": 0.228,
        "Normalized EBITDA": 500019000.0,
        "Net Income From Continuing Operation Net Minority Interest": 347051000.0,
        "Reconciled Depreciation": 57949000.0,
        "Reconciled Cost Of Revenue": 1579406000.0,
        "EBIT": 442070000.0,
        "Net Interest Income": 7348000.0,
        "Normalized Income": 347051000.0,
        "Net Income From Continuing And Discontinued Operation": 347051000.0,
        "Total Expenses": 2192193000.0,
        "Total Operating Income As Reported": 442070000.0,
        "Diluted Average Shares": 50469000.0,
        "Basic Average Shares": 50153000.0,
        "Diluted EPS": 6.88,
        "Basic EPS": 6.92,
        "Diluted NI Availto Com Stockholders": 347051000.0,
        "Net Income Common Stockholders": 347051000.0,
        "Net Income": 347051000.0,
        "Net Income Including Noncontrolling Interests": 347051000.0,
        "Net Income Continuous Operations": 347051000.0,
        "Tax Provision": 102367000.0,
        "Pretax Income": 449418000.0,
        "Net Non Operating Interest Income Expense": 7348000.0,
        "Total Other Finance Cost": -7348000.0,
        "Operating Income": 442070000.0,
        "Operating Expense": 612787000.0,
        "Other Operating Expenses": 658000.0,
        "Selling General And Administration": 612129000.0,
        "Gross Profit": 1054857000.0,
        "Cost Of Revenue": 1579406000.0,
        "Total Revenue": 2634263000.0,
        "Operating Revenue": 2634263000.0
    },
    "2023-01-31": {
        "Tax Effect Of Unusual Items": 0.0,
        "Tax Rate For Calcs": 0.246,
        "Normalized EBITDA": 447618000.0,
        "Net Income From Continuing Operation Net Minority Interest": 340751000.0,
        "Reconciled Depreciation": 59190000.0,
        "Reconciled Cost Of Revenue": 2014270000.0,
        "EBIT": 447618000.0,
        "Net Interest Income": 4378000.0,
        "Normalized Income": 340751000.0,
        "Net Income From Continuing And Discontinued Operation": 340751000.0,
        "Total Expenses": 2779155000.0,
        "Total Operating Income As Reported": 447618000.0,
        "Diluted Average Shares": 50976000.0,
        "Basic Average Shares": 50624000.0,
        "Diluted EPS": 6.68,
        "Basic EPS": 6.73,
        "Diluted NI Availto Com Stockholders": 340751000.0,
        "Net Income Common Stockholders": 340751000.0,
        "Net Income": 340751000.0,
        "Net Income Including Noncontrolling Interests": 340751000.0,
        "Net Income Continuous Operations": 340751000.0,
        "Tax Provision": 111245000.0,
        "Pretax Income": 451996000.0,
        "Net Non Operating Interest Income Expense": 4378000.0,
        "Total Other Finance Cost": -4378000.0,
        "Operating Income": 447618000.0,
        "Operating Expense": 764885000.0,
        "Other Operating Expenses": 2179000.0,
        "Selling General And Administration": 762706000.0,
        "Gross Profit": 1212503000.0,
        "Cost Of Revenue": 2014270000.0,
        "Total Revenue": 3226773000.0,
        "Operating Revenue": 3226773000.0
    },
    "2022-10-31": {
        "Tax Effect Of Unusual Items": 0.0,
        "Tax Rate For Calcs": 0.243,
        "Normalized EBITDA": 420317000.0,
        "Net Income From Continuing Operation Net Minority Interest": 274585000.0,
        "Reconciled Depreciation": 58461000.0,
        "Reconciled Cost Of Revenue": 1375976000.0,
        "EBIT": 361856000.0,
        "Net Interest Income": 849000.0,
        "Normalized Income": 274585000.0,
        "Net Income From Continuing And Discontinued Operation": 274585000.0,
        "Total Expenses": 1976937000.0,
        "Total Operating Income As Reported": 361856000.0,
        "Diluted Average Shares": 51418000.0,
        "Basic Average Shares": 51131000.0,
        "Diluted EPS": 5.34,
        "Basic EPS": 5.37,
        "Diluted NI Availto Com Stockholders": 274585000.0,
        "Net Income Common Stockholders": 274585000.0,
        "Net Income": 274585000.0,
        "Net Income Including Noncontrolling Interests": 274585000.0,
        "Net Income Continuous Operations": 274585000.0,
        "Tax Provision": 88120000.0,
        "Pretax Income": 362705000.0,
        "Net Non Operating Interest Income Expense": 849000.0,
        "Total Other Finance Cost": -849000.0,
        "Operating Income": 361856000.0,
        "Operating Expense": 600961000.0,
        "Other Operating Expenses": 3797000.0,
        "Selling General And Administration": 597164000.0,
        "Gross Profit": 962817000.0,
        "Cost Of Revenue": 1375976000.0,
        "Total Revenue": 2338793000.0,
        "Operating Revenue": 2338793000.0
    },
    "2022-07-31": {
        "Tax Effect Of Unusual Items": 0.0,
        "Tax Rate For Calcs": 0.245,
        "Normalized EBITDA": 452310000.0,
        "Net Income From Continuing Operation Net Minority Interest": 295677000.0,
        "Reconciled Depreciation": 60882000.0,
        "Reconciled Cost Of Revenue": 1368949000.0,
        "EBIT": 391428000.0,
        "Net Interest Income": 108000.0,
        "Normalized Income": 295677000.0,
        "Net Income From Continuing And Discontinued Operation": 295677000.0,
        "Total Expenses": 1905685000.0,
        "Total Operating Income As Reported": 391428000.0,
        "Diluted Average Shares": 51900000.0,
        "Basic Average Shares": 51607000.0,
        "Diluted EPS": 5.7,
        "Basic EPS": 5.73,
        "Diluted NI Availto Com Stockholders": 295677000.0,
        "Net Income Common Stockholders": 295677000.0,
        "Net Income": 295677000.0,
        "Net Income Including Noncontrolling Interests": 295677000.0,
        "Net Income Continuous Operations": 295677000.0,
        "Tax Provision": 95859000.0,
        "Pretax Income": 391536000.0,
        "Net Non Operating Interest Income Expense": 108000.0,
        "Total Other Finance Cost": -108000.0,
        "Operating Income": 391428000.0,
        "Operating Expense": 536736000.0,
        "Other Operating Expenses": 2277000.0,
        "Selling General And Administration": 534459000.0,
        "Gross Profit": 928164000.0,
        "Cost Of Revenue": 1368949000.0,
        "Total Revenue": 2297113000.0,
        "Operating Revenue": 2297113000.0
    },
    "2022-04-30": {
        "Diluted EPS": 6.3,
        "Total Revenue": NaN,
        "Gross Profit": 941,
        "Operating Income": 438,
        "EBIT": 501,
        "Net Income": 331
    },
    "2022-01-31": {
        "Diluted EPS": 5.38,
        "Total Revenue": NaN,
        "Gross Profit": NaN,
        "Operating Income": 376,
        "EBIT": 439,
        "Net Income": 289
    },
    "2021-10-31": {
        "Diluted EPS": 3.94,
        "Total Revenue": NaN,
        "Gross Profit": 789,
        "Operating Income": 284,
        "EBIT": 349,
        "Net Income": 215
    },
    "2021-07-31": {
        "Diluted EPS": 4.56,
        "Total Revenue": NaN,
        "Gross Profit": 798,
        "Operating Income": 332,
        "EBIT": 401,
        "Net Income": 251
    },
    "2021-04-30": {
        "Diluted EPS": 4.1,
        "Total Revenue": NaN,
        "Gross Profit": 754,
        "Operating Income": 305,
        "EBIT": 376,
        "Net Income": 230
    },
    "2021-01-31": {
        "Diluted EPS": 3.04,
        "Total Revenue": NaN,
        "Gross Profit": 771,
        "Operating Income": 224,
        "EBIT": 296,
        "Net Income": 171
    },
    "2020-10-31": {
        "Diluted EPS": 1.32,
        "Total Revenue": NaN,
        "Gross Profit": 546,
        "Operating Income": 101,
        "EBIT": 174,
        "Net Income": 75
    },
    "2020-07-31": {
        "Diluted EPS": 0.14,
        "Total Revenue": NaN,
        "Gross Profit": 329,
        "Operating Income": 13,
        "EBIT": 90,
        "Net Income": 8
    },
    "2020-04-30": {
        "Diluted EPS": -1.39,
        "Total Revenue": NaN,
        "Gross Profit": 304,
        "Operating Income": -101,
        "EBIT": -25,
        "Net Income": -79
    },
    "2020-01-31": {
        "Diluted EPS": 3.88,
        "Total Revenue": NaN,
        "Gross Profit": 807,
        "Operating Income": 288,
        "EBIT": 364,
        "Net Income": 223
    },
    "2019-10-31": {
        "Diluted EPS": 2.25,
        "Total Revenue": NaN,
        "Gross Profit": 623,
        "Operating Income": 168,
        "EBIT": 242,
        "Net Income": 130
    },
    "2019-07-31": {
        "Diluted EPS": 2.76,
        "Total Revenue": NaN,
        "Gross Profit": 606,
        "Operating Income": 208,
        "EBIT": 281,
        "Net Income": 161
    },
    "2019-04-30": {
        "Diluted EPS": 3.26,
        "Total Revenue": NaN,
        "Gross Profit": 645,
        "Operating Income": 238,
        "EBIT": 309,
        "Net Income": 192
    },
    "2019-01-31": {
        "Diluted EPS": 3.6,
        "Total Revenue": NaN,
        "Gross Profit": 741,
        "Operating Income": 281,
        "EBIT": 353,
        "Net Income": 215
    },
    "2018-10-31": {
        "Diluted EPS": 2.18,
        "Total Revenue": NaN,
        "Gross Profit": 572,
        "Operating Income": 169,
        "EBIT": 239,
        "Net Income": 131
    },
    "2018-07-31": {
        "Diluted EPS": 2.46,
        "Total Revenue": NaN,
        "Gross Profit": 535,
        "Operating Income": 194,
        "EBIT": 263,
        "Net Income": 148
    },
    "2018-04-30": {
        "Diluted EPS": 2.7,
        "Total Revenue": NaN,
        "Gross Profit": 561,
        "Operating Income": 210,
        "EBIT": 279,
        "Net Income": 164
    },
    "2018-01-31": {
        "Diluted EPS": 3.38,
        "Total Revenue": NaN,
        "Gross Profit": 658,
        "Operating Income": 254,
        "EBIT": 319,
        "Net Income": 208
    },
    "2017-10-31": {
        "Diluted EPS": 1.7,
        "Total Revenue": NaN,
        "Gross Profit": 493,
        "Operating Income": 163,
        "EBIT": 225,
        "Net Income": 105
    },
    "2017-07-31": {
        "Diluted EPS": 1.83,
        "Total Revenue": NaN,
        "Gross Profit": 469,
        "Operating Income": 180,
        "EBIT": 243,
        "Net Income": 114
    },
    "2017-04-30": {
        "Diluted EPS": 2.05,
        "Total Revenue": NaN,
        "Gross Profit": 476,
        "Operating Income": 188,
        "EBIT": 251,
        "Net Income": 128
    },
    "2017-01-31": {
        "Diluted EPS": 2.24,
        "Total Revenue": NaN,
        "Gross Profit": 545,
        "Operating Income": 224,
        "EBIT": 284,
        "Net Income": 140
    },
    "2016-10-31": {
        "Diluted EPS": 1.4,
        "Total Revenue": NaN,
        "Gross Profit": 427,
        "Operating Income": 140,
        "EBIT": 193,
        "Net Income": 88
    },
    "2016-07-31": {
        "Diluted EPS": 1.43,
        "Total Revenue": NaN,
        "Gross Profit": 385,
        "Operating Income": 144,
        "EBIT": 193,
        "Net Income": 90
    },
    "2016-04-30": {
        "Diluted EPS": 1.45,
        "Total Revenue": NaN,
        "Gross Profit": 390,
        "Operating Income": 147,
        "EBIT": 195,
        "Net Income": 92
    },
    "2016-01-31": {
        "Diluted EPS": 1.68,
        "Total Revenue": NaN,
        "Gross Profit": 439,
        "Operating Income": 169,
        "EBIT": 215,
        "Net Income": 108
    },
    "2015-10-31": {
        "Diluted EPS": 1.11,
        "Total Revenue": 911,
        "Gross Profit": 336,
        "Operating Income": 111,
        "EBIT": 153,
        "Net Income": 71
    },
    "2015-07-31": {
        "Diluted EPS": 1.15,
        "Total Revenue": 877,
        "Gross Profit": 306,
        "Operating Income": 118,
        "EBIT": 157,
        "Net Income": 74
    },
    "2015-04-30": {
        "Diluted EPS": 1.04,
        "Total Revenue": 868,
        "Gross Profit": 303,
        "Operating Income": 108,
        "EBIT": 146,
        "Net Income": 67
    },
    "2015-01-31": {
        "Diluted EPS": 1.36,
        "Total Revenue": NaN,
        "Gross Profit": 350,
        "Operating Income": 137,
        "EBIT": 173,
        "Net Income": 87
    },
    "2014-10-31": {
        "Diluted EPS": 0.91,
        "Total Revenue": 746,
        "Gross Profit": 282,
        "Operating Income": 94,
        "EBIT": 128,
        "Net Income": 59
    },
    "2014-07-31": {
        "Diluted EPS": 0.94,
        "Total Revenue": 734,
        "Gross Profit": 259,
        "Operating Income": 98,
        "EBIT": 130,
        "Net Income": 61
    },
    "2014-04-30": {
        "Diluted EPS": 0.77,
        "Total Revenue": 714,
        "Gross Profit": 246,
        "Operating Income": 81,
        "EBIT": 111,
        "Net Income": 50
    },
    "2014-01-31": {
        "Diluted EPS": 1.1,
        "Total Revenue": 868,
        "Gross Profit": 294,
        "Operating Income": 114,
        "EBIT": 143,
        "Net Income": 71
    },
    "2013-10-31": {
        "Diluted EPS": 0.7,
        "Total Revenue": 619,
        "Gross Profit": 232,
        "Operating Income": 73,
        "EBIT": 100,
        "Net Income": 45
    },
    "2013-07-31": {
        "Diluted EPS": 0.7,
        "Total Revenue": 601,
        "Gross Profit": 212,
        "Operating Income": 73,
        "EBIT": 99,
        "Net Income": 45
    },
    "2013-04-30": {
        "Diluted EPS": 0.65,
        "Total Revenue": 583,
        "Gross Profit": 204,
        "Operating Income": 68,
        "EBIT": 92,
        "Net Income": 42
    },
    "2013-01-31": {
        "Diluted EPS": 1.01,
        "Total Revenue": 759,
        "Gross Profit": 260,
        "Operating Income": 104,
        "EBIT": 127,
        "Net Income": 65
    },
    "2012-10-31": {
        "Diluted EPS": 0.59,
        "Total Revenue": 506,
        "Gross Profit": 185,
        "Operating Income": 61,
        "EBIT": 84,
        "Net Income": 38
    },
    "2012-07-31": {
        "Diluted EPS": 0.54,
        "Total Revenue": 482,
        "Gross Profit": 168,
        "Operating Income": 57,
        "EBIT": 79,
        "Net Income": 35
    },
    "2012-04-30": {
        "Diluted EPS": 0.54,
        "Total Revenue": 474,
        "Gross Profit": 171,
        "Operating Income": 57,
        "EBIT": 78,
        "Net Income": 35
    },
    "2012-01-31": {
        "Diluted EPS": 0.73,
        "Total Revenue": 583,
        "Gross Profit": 198,
        "Operating Income": 73,
        "EBIT": 94,
        "Net Income": 46
    },
    "2011-10-31": {
        "Diluted EPS": 0.42,
        "Total Revenue": 413,
        "Gross Profit": 149,
        "Operating Income": 44,
        "EBIT": 63,
        "Net Income": 27
    },
    "2011-07-31": {
        "Diluted EPS": 0.38,
        "Total Revenue": 395,
        "Gross Profit": 134,
        "Operating Income": 40,
        "EBIT": 59,
        "Net Income": 24
    },
    "2011-04-30": {
        "Diluted EPS": 0.37,
        "Total Revenue": 386,
        "Gross Profit": 135,
        "Operating Income": 39,
        "EBIT": 57,
        "Net Income": 23
    },
    "2011-01-31": {
        "Diluted EPS": 0.48,
        "Total Revenue": 474,
        "Gross Profit": 157,
        "Operating Income": 49,
        "EBIT": 66,
        "Net Income": 30
    },
    "2010-10-31": {
        "Diluted EPS": 0.23,
        "Total Revenue": 339,
        "Gross Profit": 119,
        "Operating Income": 24,
        "EBIT": 40,
        "Net Income": 14
    },
    "2010-07-31": {
        "Diluted EPS": 0.22,
        "Total Revenue": 322,
        "Gross Profit": 104,
        "Operating Income": 22,
        "EBIT": 38,
        "Net Income": 13
    },
    "2010-04-30": {
        "Diluted EPS": 0.23,
        "Total Revenue": 320,
        "Gross Profit": 105,
        "Operating Income": 23,
        "EBIT": 39,
        "Net Income": 14
    },
    "2010-01-31": {
        "Diluted EPS": 0.34,
        "Total Revenue": 396,
        "Gross Profit": 127,
        "Operating Income": 34,
        "EBIT": 50,
        "Net Income": 20
    },
    "2009-10-31": {
        "Diluted EPS": 0.14,
        "Total Revenue": 284,
        "Gross Profit": 92,
        "Operating Income": 15,
        "EBIT": 30,
        "Net Income": 8
    },
    "2009-07-31": {
        "Diluted EPS": 0.1,
        "Total Revenue": 274,
        "Gross Profit": 79,
        "Operating Income": 10,
        "EBIT": 26,
        "Net Income": 6
    },
    "2009-04-30": {
        "Diluted EPS": 0.08,
        "Total Revenue": 269,
        "Gross Profit": 80,
        "Operating Income": 9,
        "EBIT": 24,
        "Net Income": 5
    },
    "2009-01-31": {
        "Diluted EPS": 0.21,
        "Total Revenue": 341,
        "Gross Profit": 105,
        "Operating Income": 21,
        "EBIT": 35,
        "Net Income": 12
    },
    "2023-07-31": {
        "Tax Effect Of Unusual Items": 0.0,
        "Tax Rate For Calcs": 0.242,
        "Normalized EBITDA": 453555000.0,
        "Net Income From Continuing Operation Net Minority Interest": 300102000.0,
        "Reconciled Depreciation": 61913000.0,
        "Reconciled Cost Of Revenue": 1536197000.0,
        "EBIT": 391642000.0,
        "Net Interest Income": 4449000.0,
        "Normalized Income": 300102000.0,
        "Net Income From Continuing And Discontinued Operation": 300102000.0,
        "Total Expenses": 2138167000.0,
        "Total Operating Income As Reported": 391642000.0,
        "Diluted Average Shares": 49849000.0,
        "Basic Average Shares": 49617000.0,
        "Diluted EPS": 6.02,
        "Basic EPS": 6.05,
        "Diluted NI Availto Com Stockholders": 300102000.0,
        "Net Income Common Stockholders": 300102000.0,
        "Net Income": 300102000.0,
        "Net Income Including Noncontrolling Interests": 300102000.0,
        "Net Income Continuous Operations": 300102000.0,
        "Tax Provision": 95989000.0,
        "Pretax Income": 396091000.0,
        "Net Non Operating Interest Income Expense": 4449000.0,
        "Total Other Finance Cost": -4449000.0,
        "Operating Income": 391642000.0,
        "Operating Expense": 601970000.0,
        "Other Operating Expenses": 1278000.0,
        "Selling General And Administration": 600692000.0,
        "Gross Profit": 993612000.0,
        "Cost Of Revenue": 1536197000.0,
        "Total Revenue": 2529809000.0,
        "Operating Revenue": 2529809000.0
    }
}