{
    "2023-06-30": {
        "Tax Effect Of Unusual Items": NaN,
        "Tax Rate For Calcs": NaN,
        "Net Income From Continuing Operation Net Minority Interest": NaN,
        "Reconciled Depreciation": NaN,
        "Net Interest Income": NaN,
        "Interest Expense": NaN,
        "Interest Income": NaN,
        "Normalized Income": NaN,
        "Net Income From Continuing And Discontinued Operation": NaN,
        "Diluted Average Shares": NaN,
        "Basic Average Shares": NaN,
        "Diluted EPS": NaN,
        "Basic EPS": NaN,
        "Diluted NI Availto Com Stockholders": NaN,
        "Net Income Common Stockholders": NaN,
        "Net Income": NaN,
        "Net Income Including Noncontrolling Interests": NaN,
        "Net Income Continuous Operations": NaN,
        "Tax Provision": NaN,
        "Pretax Income": NaN,
        "Gain On Sale Of Security": NaN,
        "Depreciation Amortization Depletion Income Statement": NaN,
        "Depreciation And Amortization In Income Statement": NaN,
        "Amortization": NaN,
        "Amortization Of Intangibles Income Statement": NaN,
        "Selling General And Administration": NaN,
        "Selling And Marketing Expense": NaN,
        "General And Administrative Expense": NaN,
        "Other Gand A": 10318000.0,
        "Salaries And Wages": NaN,
        "Total Revenue": NaN,
        "Operating Revenue": NaN,
        "Occupancy And Equipment": NaN,
        "Professional Expense And Contract Services Expense": NaN,
        "Other Non Interest Expense": NaN
    },
    "2023-03-31": {
        "Tax Effect Of Unusual Items": 0.0,
        "Tax Rate For Calcs": 0.172,
        "Net Income From Continuing Operation Net Minority Interest": 92437000.0,
        "Reconciled Depreciation": 15388000.0,
        "Net Interest Income": 241696000.0,
        "Interest Expense": 167051000.0,
        "Interest Income": 408747000.0,
        "Normalized Income": 92437000.0,
        "Net Income From Continuing And Discontinued Operation": 92437000.0,
        "Diluted Average Shares": 48746562.0,
        "Basic Average Shares": 48435016.0,
        "Diluted EPS": 1.9,
        "Basic EPS": 1.91,
        "Diluted NI Availto Com Stockholders": 92437000.0,
        "Net Income Common Stockholders": 92437000.0,
        "Net Income": 92437000.0,
        "Net Income Including Noncontrolling Interests": 92437000.0,
        "Net Income Continuous Operations": 92437000.0,
        "Tax Provision": 19157000.0,
        "Pretax Income": 111594000.0,
        "Gain On Sale Of Security": -5324000.0,
        "Depreciation Amortization Depletion Income Statement": 2298000.0,
        "Depreciation And Amortization In Income Statement": 2298000.0,
        "Amortization": 2298000.0,
        "Amortization Of Intangibles Income Statement": 2298000.0,
        "Selling General And Administration": 147833000.0,
        "Selling And Marketing Expense": 5335000.0,
        "General And Administrative Expense": 142498000.0,
        "Other Gand A": NaN,
        "Salaries And Wages": 142498000.0,
        "Total Revenue": 341523000.0,
        "Operating Revenue": 341523000.0,
        "Occupancy And Equipment": 30026000.0,
        "Professional Expense And Contract Services Expense": 7285000.0,
        "Other Non Interest Expense": 19237000.0
    },
    "2022-12-31": {
        "Tax Effect Of Unusual Items": NaN,
        "Tax Rate For Calcs": NaN,
        "Net Income From Continuing Operation Net Minority Interest": NaN,
        "Reconciled Depreciation": NaN,
        "Net Interest Income": NaN,
        "Interest Expense": NaN,
        "Interest Income": NaN,
        "Normalized Income": NaN,
        "Net Income From Continuing And Discontinued Operation": NaN,
        "Diluted Average Shares": NaN,
        "Basic Average Shares": NaN,
        "Diluted EPS": NaN,
        "Basic EPS": NaN,
        "Diluted NI Availto Com Stockholders": NaN,
        "Net Income Common Stockholders": NaN,
        "Net Income": NaN,
        "Net Income Including Noncontrolling Interests": NaN,
        "Net Income Continuous Operations": NaN,
        "Tax Provision": NaN,
        "Pretax Income": NaN,
        "Gain On Sale Of Security": NaN,
        "Depreciation Amortization Depletion Income Statement": NaN,
        "Depreciation And Amortization In Income Statement": NaN,
        "Amortization": NaN,
        "Amortization Of Intangibles Income Statement": NaN,
        "Selling General And Administration": NaN,
        "Selling And Marketing Expense": NaN,
        "General And Administrative Expense": NaN,
        "Other Gand A": 7929000.0,
        "Salaries And Wages": NaN,
        "Total Revenue": NaN,
        "Operating Revenue": NaN,
        "Occupancy And Equipment": NaN,
        "Professional Expense And Contract Services Expense": NaN,
        "Other Non Interest Expense": NaN
    },
    "2022-09-30": {
        "Tax Effect Of Unusual Items": NaN,
        "Tax Rate For Calcs": NaN,
        "Net Income From Continuing Operation Net Minority Interest": NaN,
        "Reconciled Depreciation": NaN,
        "Net Interest Income": NaN,
        "Interest Expense": NaN,
        "Interest Income": NaN,
        "Normalized Income": NaN,
        "Net Income From Continuing And Discontinued Operation": NaN,
        "Diluted Average Shares": NaN,
        "Basic Average Shares": NaN,
        "Diluted EPS": NaN,
        "Basic EPS": NaN,
        "Diluted NI Availto Com Stockholders": NaN,
        "Net Income Common Stockholders": NaN,
        "Net Income": NaN,
        "Net Income Including Noncontrolling Interests": NaN,
        "Net Income Continuous Operations": NaN,
        "Tax Provision": NaN,
        "Pretax Income": NaN,
        "Gain On Sale Of Security": NaN,
        "Depreciation Amortization Depletion Income Statement": NaN,
        "Depreciation And Amortization In Income Statement": NaN,
        "Amortization": NaN,
        "Amortization Of Intangibles Income Statement": NaN,
        "Selling General And Administration": NaN,
        "Selling And Marketing Expense": NaN,
        "General And Administrative Expense": NaN,
        "Other Gand A": 7339000.0,
        "Salaries And Wages": NaN,
        "Total Revenue": NaN,
        "Operating Revenue": NaN
    },
    "2022-06-30": {
        "Tax Effect Of Unusual Items": 0.0,
        "Tax Rate For Calcs": 0.207622,
        "Net Income From Continuing Operation Net Minority Interest": 137556000.0,
        "Reconciled Depreciation": 1225000.0,
        "Net Interest Income": 224791000.0,
        "Interest Expense": 23779000.0,
        "Interest Income": 248570000.0,
        "Normalized Income": 137556000.0,
        "Net Income From Continuing And Discontinued Operation": 137556000.0,
        "Diluted Average Shares": 48673964.0,
        "Basic Average Shares": 48347226.0,
        "Diluted EPS": 2.83,
        "Basic EPS": 2.85,
        "Diluted NI Availto Com Stockholders": 137556000.0,
        "Net Income Common Stockholders": 137556000.0,
        "Net Income": 137556000.0,
        "Net Income Including Noncontrolling Interests": 137556000.0,
        "Net Income Continuous Operations": 137556000.0,
        "Tax Provision": 36043000.0,
        "Pretax Income": 173599000.0,
        "Gain On Sale Of Security": 60720000.0,
        "Depreciation Amortization Depletion Income Statement": 1225000.0,
        "Depreciation And Amortization In Income Statement": 1225000.0,
        "Amortization": 1225000.0,
        "Amortization Of Intangibles Income Statement": 1225000.0,
        "Selling General And Administration": 133654000.0,
        "Selling And Marketing Expense": 5308000.0,
        "General And Administrative Expense": 128346000.0,
        "Other Gand A": 6956000.0,
        "Salaries And Wages": 121390000.0,
        "Total Revenue": 375908000.0,
        "Operating Revenue": 375908000.0
    },
    "2022-03-31": {
        "Diluted EPS": 2.17,
        "Total Revenue": 345,
        "Gross Profit": 334,
        "Operating Income": 126,
        "EBIT": NaN,
        "Net Income": 106
    },
    "2021-12-31": {
        "Diluted EPS": 1.6,
        "Total Revenue": 340,
        "Gross Profit": 329,
        "Operating Income": 98,
        "EBIT": NaN,
        "Net Income": 78
    },
    "2021-09-30": {
        "Diluted EPS": 1.94,
        "Total Revenue": 329,
        "Gross Profit": 318,
        "Operating Income": 114,
        "EBIT": NaN,
        "Net Income": 94
    },
    "2021-06-30": {
        "Diluted EPS": 1.79,
        "Total Revenue": 344,
        "Gross Profit": 333,
        "Operating Income": 107,
        "EBIT": NaN,
        "Net Income": 87
    },
    "2021-03-31": {
        "Diluted EPS": 1.91,
        "Total Revenue": 315,
        "Gross Profit": 303,
        "Operating Income": 110,
        "EBIT": NaN,
        "Net Income": 93
    },
    "2020-12-31": {
        "Diluted EPS": 3.22,
        "Total Revenue": 436,
        "Gross Profit": 423,
        "Operating Income": 191,
        "EBIT": NaN,
        "Net Income": 156
    },
    "2020-09-30": {
        "Diluted EPS": 1.52,
        "Total Revenue": 310,
        "Gross Profit": 297,
        "Operating Income": 83,
        "EBIT": NaN,
        "Net Income": 73
    },
    "2020-06-30": {
        "Diluted EPS": 1.26,
        "Total Revenue": 313,
        "Gross Profit": 299,
        "Operating Income": 69,
        "EBIT": NaN,
        "Net Income": 61
    },
    "2020-03-31": {
        "Diluted EPS": -0.07,
        "Total Revenue": 310,
        "Gross Profit": 272,
        "Operating Income": -4,
        "EBIT": NaN,
        "Net Income": -3
    },
    "2019-12-31": {
        "Diluted EPS": 1.35,
        "Total Revenue": 326,
        "Gross Profit": 283,
        "Operating Income": 77,
        "EBIT": NaN,
        "Net Income": 67
    },
    "2019-09-30": {
        "Diluted EPS": 1.27,
        "Total Revenue": 323,
        "Gross Profit": 272,
        "Operating Income": 73,
        "EBIT": NaN,
        "Net Income": 62
    },
    "2019-06-30": {
        "Diluted EPS": 1.16,
        "Total Revenue": 322,
        "Gross Profit": 272,
        "Operating Income": 67,
        "EBIT": NaN,
        "Net Income": 57
    },
    "2019-03-31": {
        "Diluted EPS": 1.18,
        "Total Revenue": 319,
        "Gross Profit": 271,
        "Operating Income": 68,
        "EBIT": NaN,
        "Net Income": 58
    },
    "2018-12-31": {
        "Diluted EPS": 0.52,
        "Total Revenue": 298,
        "Gross Profit": 257,
        "Operating Income": 24,
        "EBIT": NaN,
        "Net Income": 25
    },
    "2018-09-30": {
        "Diluted EPS": 1.16,
        "Total Revenue": 286,
        "Gross Profit": 251,
        "Operating Income": 65,
        "EBIT": NaN,
        "Net Income": 58
    },
    "2018-06-30": {
        "Diluted EPS": 1.11,
        "Total Revenue": 277,
        "Gross Profit": 251,
        "Operating Income": 66,
        "EBIT": NaN,
        "Net Income": 55
    },
    "2018-03-31": {
        "Diluted EPS": 1.14,
        "Total Revenue": 273,
        "Gross Profit": 253,
        "Operating Income": 68,
        "EBIT": NaN,
        "Net Income": 57
    },
    "2017-12-31": {
        "Diluted EPS": 2.24,
        "Total Revenue": 269,
        "Gross Profit": 252,
        "Operating Income": 64,
        "EBIT": NaN,
        "Net Income": 112
    },
    "2017-09-30": {
        "Diluted EPS": 0.97,
        "Total Revenue": 262,
        "Gross Profit": 245,
        "Operating Income": 62,
        "EBIT": NaN,
        "Net Income": 48
    },
    "2017-06-30": {
        "Diluted EPS": 0.86,
        "Total Revenue": 262,
        "Gross Profit": 248,
        "Operating Income": 56,
        "EBIT": NaN,
        "Net Income": 43
    },
    "2017-03-31": {
        "Diluted EPS": 0.89,
        "Total Revenue": 248,
        "Gross Profit": 237,
        "Operating Income": 54,
        "EBIT": NaN,
        "Net Income": 44
    },
    "2016-12-31": {
        "Diluted EPS": 0.87,
        "Total Revenue": 219,
        "Gross Profit": 211,
        "Operating Income": 51,
        "EBIT": NaN,
        "Net Income": 43
    },
    "2016-09-30": {
        "Diluted EPS": 0.85,
        "Total Revenue": 236,
        "Gross Profit": 228,
        "Operating Income": 50,
        "EBIT": NaN,
        "Net Income": 42
    },
    "2016-06-30": {
        "Diluted EPS": 0.76,
        "Total Revenue": 231,
        "Gross Profit": 224,
        "Operating Income": 49,
        "EBIT": NaN,
        "Net Income": 38
    },
    "2016-03-31": {
        "Diluted EPS": 0.74,
        "Total Revenue": 240,
        "Gross Profit": 234,
        "Operating Income": 49,
        "EBIT": NaN,
        "Net Income": 36
    },
    "2015-12-31": {
        "Diluted EPS": 0.59,
        "Total Revenue": 136,
        "Gross Profit": 131,
        "Operating Income": 9,
        "EBIT": NaN,
        "Net Income": 30
    },
    "2015-09-30": {
        "Diluted EPS": 0.46,
        "Total Revenue": 224,
        "Gross Profit": 219,
        "Operating Income": 31,
        "EBIT": NaN,
        "Net Income": 22
    },
    "2015-06-30": {
        "Diluted EPS": 0.65,
        "Total Revenue": 221,
        "Gross Profit": 217,
        "Operating Income": 40,
        "EBIT": NaN,
        "Net Income": 30
    },
    "2015-03-31": {
        "Diluted EPS": 0.74,
        "Total Revenue": 219,
        "Gross Profit": 216,
        "Operating Income": 48,
        "EBIT": NaN,
        "Net Income": 34
    },
    "2014-12-31": {
        "Diluted EPS": 0.59,
        "Total Revenue": 209,
        "Gross Profit": 206,
        "Operating Income": 37,
        "EBIT": NaN,
        "Net Income": 27
    },
    "2014-09-30": {
        "Diluted EPS": 0.78,
        "Total Revenue": 217,
        "Gross Profit": 214,
        "Operating Income": 48,
        "EBIT": NaN,
        "Net Income": 36
    },
    "2014-06-30": {
        "Diluted EPS": 0.76,
        "Total Revenue": 224,
        "Gross Profit": 220,
        "Operating Income": 49,
        "EBIT": NaN,
        "Net Income": 35
    },
    "2014-03-31": {
        "Diluted EPS": 0.52,
        "Total Revenue": 212,
        "Gross Profit": 208,
        "Operating Income": 32,
        "EBIT": NaN,
        "Net Income": 23
    },
    "2013-12-31": {
        "Diluted EPS": 0.76,
        "Total Revenue": 225,
        "Gross Profit": 222,
        "Operating Income": 48,
        "EBIT": NaN,
        "Net Income": 35
    },
    "2013-09-30": {
        "Diluted EPS": 0.83,
        "Total Revenue": 211,
        "Gross Profit": 207,
        "Operating Income": 48,
        "EBIT": NaN,
        "Net Income": 34
    },
    "2013-06-30": {
        "Diluted EPS": 0.74,
        "Total Revenue": 200,
        "Gross Profit": 196,
        "Operating Income": 41,
        "EBIT": NaN,
        "Net Income": 30
    },
    "2013-03-31": {
        "Diluted EPS": 0.87,
        "Total Revenue": 205,
        "Gross Profit": 200,
        "Operating Income": 48,
        "EBIT": NaN,
        "Net Income": 35
    },
    "2012-12-31": {
        "Diluted EPS": 0.53,
        "Total Revenue": 194,
        "Gross Profit": 190,
        "Operating Income": 28,
        "EBIT": NaN,
        "Net Income": 21
    },
    "2012-09-30": {
        "Diluted EPS": 0.64,
        "Total Revenue": 191,
        "Gross Profit": 187,
        "Operating Income": 36,
        "EBIT": NaN,
        "Net Income": 26
    },
    "2012-06-30": {
        "Diluted EPS": 0.72,
        "Total Revenue": 196,
        "Gross Profit": 191,
        "Operating Income": 41,
        "EBIT": NaN,
        "Net Income": 29
    },
    "2012-03-31": {
        "Diluted EPS": 1.15,
        "Total Revenue": 217,
        "Gross Profit": 211,
        "Operating Income": 65,
        "EBIT": NaN,
        "Net Income": 46
    },
    "2011-12-31": {
        "Diluted EPS": 0.59,
        "Total Revenue": 183,
        "Gross Profit": 177,
        "Operating Income": 30,
        "EBIT": NaN,
        "Net Income": 23
    },
    "2011-09-30": {
        "Diluted EPS": 0.64,
        "Total Revenue": 187,
        "Gross Profit": 180,
        "Operating Income": 36,
        "EBIT": NaN,
        "Net Income": 26
    },
    "2011-06-30": {
        "Diluted EPS": 0.65,
        "Total Revenue": 194,
        "Gross Profit": 188,
        "Operating Income": 37,
        "EBIT": NaN,
        "Net Income": 26
    },
    "2011-03-31": {
        "Diluted EPS": 0.76,
        "Total Revenue": 194,
        "Gross Profit": 186,
        "Operating Income": 44,
        "EBIT": NaN,
        "Net Income": 31
    },
    "2010-12-31": {
        "Diluted EPS": 0.47,
        "Total Revenue": 182,
        "Gross Profit": 174,
        "Operating Income": 28,
        "EBIT": NaN,
        "Net Income": 19
    },
    "2010-09-30": {
        "Diluted EPS": 0.57,
        "Total Revenue": 177,
        "Gross Profit": 168,
        "Operating Income": 30,
        "EBIT": NaN,
        "Net Income": 23
    },
    "2010-06-30": {
        "Diluted EPS": 0.57,
        "Total Revenue": 176,
        "Gross Profit": 167,
        "Operating Income": 33,
        "EBIT": NaN,
        "Net Income": 23
    },
    "2010-03-31": {
        "Diluted EPS": 0.65,
        "Total Revenue": 173,
        "Gross Profit": 162,
        "Operating Income": 37,
        "EBIT": NaN,
        "Net Income": 26
    },
    "2009-12-31": {
        "Diluted EPS": 0.59,
        "Total Revenue": 173,
        "Gross Profit": 161,
        "Operating Income": 30,
        "EBIT": NaN,
        "Net Income": 24
    },
    "2009-09-30": {
        "Diluted EPS": 0.59,
        "Total Revenue": 169,
        "Gross Profit": 156,
        "Operating Income": 33,
        "EBIT": NaN,
        "Net Income": 24
    },
    "2009-06-30": {
        "Diluted EPS": 0.47,
        "Total Revenue": 165,
        "Gross Profit": 151,
        "Operating Income": 26,
        "EBIT": NaN,
        "Net Income": 19
    },
    "2009-03-31": {
        "Diluted EPS": 0.55,
        "Total Revenue": 159,
        "Gross Profit": 144,
        "Operating Income": 31,
        "EBIT": NaN,
        "Net Income": 23
    },
    "2023-09-30": {
        "Tax Effect Of Unusual Items": 0.0,
        "Tax Rate For Calcs": 0.189888,
        "Net Income From Continuing Operation Net Minority Interest": 96554000.0,
        "Reconciled Depreciation": 14513000.0,
        "Net Interest Income": 222287000.0,
        "Interest Expense": 249689000.0,
        "Interest Income": 471976000.0,
        "Normalized Income": 96554000.0,
        "Net Income From Continuing And Discontinued Operation": 96554000.0,
        "Diluted Average Shares": NaN,
        "Basic Average Shares": NaN,
        "Diluted EPS": NaN,
        "Basic EPS": NaN,
        "Diluted NI Availto Com Stockholders": 96554000.0,
        "Net Income Common Stockholders": 96554000.0,
        "Net Income": 96554000.0,
        "Net Income Including Noncontrolling Interests": 96554000.0,
        "Net Income Continuous Operations": 96554000.0,
        "Tax Provision": 22632000.0,
        "Pretax Income": 119186000.0,
        "Gain On Sale Of Security": 271000.0,
        "Depreciation Amortization Depletion Income Statement": 2124000.0,
        "Depreciation And Amortization In Income Statement": 2124000.0,
        "Amortization": 2124000.0,
        "Amortization Of Intangibles Income Statement": 2124000.0,
        "Selling General And Administration": 140011000.0,
        "Selling And Marketing Expense": 6631000.0,
        "General And Administrative Expense": 133380000.0,
        "Other Gand A": NaN,
        "Salaries And Wages": 133380000.0,
        "Total Revenue": 320736000.0,
        "Operating Revenue": 320736000.0,
        "Occupancy And Equipment": 29487000.0,
        "Professional Expense And Contract Services Expense": 7230000.0,
        "Other Non Interest Expense": 17721000.0
    },
    "2023-12-31": {
        "Tax Effect Of Unusual Items": 0.0,
        "Tax Rate For Calcs": 0.122262,
        "Net Income From Continuing Operation Net Minority Interest": 70923000.0,
        "Reconciled Depreciation": 14147000.0,
        "Net Interest Income": 230522000.0,
        "Interest Expense": 266080000.0,
        "Interest Income": 496602000.0,
        "Normalized Income": 70923000.0,
        "Net Income From Continuing And Discontinued Operation": 70923000.0,
        "Diluted Average Shares": 48860020.0,
        "Basic Average Shares": 48538127.0,
        "Diluted EPS": 1.45,
        "Basic EPS": 1.46,
        "Diluted NI Availto Com Stockholders": 70923000.0,
        "Net Income Common Stockholders": 70923000.0,
        "Net Income": 70923000.0,
        "Net Income Including Noncontrolling Interests": 70923000.0,
        "Net Income Continuous Operations": 70923000.0,
        "Tax Provision": 9879000.0,
        "Pretax Income": 80802000.0,
        "Gain On Sale Of Security": 1014000.0,
        "Depreciation Amortization Depletion Income Statement": 2048000.0,
        "Depreciation And Amortization In Income Statement": 2048000.0,
        "Amortization": 2048000.0,
        "Amortization Of Intangibles Income Statement": 2048000.0,
        "Selling General And Administration": 140890000.0,
        "Selling And Marketing Expense": 6659000.0,
        "General And Administrative Expense": 134231000.0,
        "Other Gand A": NaN,
        "Salaries And Wages": 134231000.0,
        "Total Revenue": 334828000.0,
        "Operating Revenue": 334828000.0,
        "Occupancy And Equipment": 28875000.0,
        "Professional Expense And Contract Services Expense": 8424000.0,
        "Other Non Interest Expense": 73789000.0
    },
    "2024-03-31": {
        "Tax Effect Of Unusual Items": 0.0,
        "Tax Rate For Calcs": 0.176,
        "Net Income From Continuing Operation Net Minority Interest": 110258000.0,
        "Reconciled Depreciation": 13817000.0,
        "Net Interest Income": 239434000.0,
        "Interest Expense": 280631000.0,
        "Interest Income": 520065000.0,
        "Normalized Income": 110258000.0,
        "Net Income From Continuing And Discontinued Operation": 110258000.0,
        "Diluted Average Shares": 48920863.0,
        "Basic Average Shares": 48663515.0,
        "Diluted EPS": 2.25,
        "Basic EPS": 2.27,
        "Diluted NI Availto Com Stockholders": 110258000.0,
        "Net Income Common Stockholders": 110258000.0,
        "Net Income": 110258000.0,
        "Net Income Including Noncontrolling Interests": 110258000.0,
        "Net Income Continuous Operations": 110258000.0,
        "Tax Provision": 23616000.0,
        "Pretax Income": 133874000.0,
        "Gain On Sale Of Security": 9371000.0,
        "Depreciation Amortization Depletion Income Statement": 1960000.0,
        "Depreciation And Amortization In Income Statement": 1960000.0,
        "Amortization": 1960000.0,
        "Amortization Of Intangibles Income Statement": 1960000.0,
        "Selling General And Administration": 149031000.0,
        "Selling And Marketing Expense": 6025000.0,
        "General And Administrative Expense": 143006000.0,
        "Other Gand A": NaN,
        "Salaries And Wages": 143006000.0,
        "Total Revenue": 360175000.0,
        "Operating Revenue": 360175000.0,
        "Occupancy And Equipment": 28773000.0,
        "Professional Expense And Contract Services Expense": 7894000.0,
        "Other Non Interest Expense": 28643000.0
    },
    "2024-06-30": {
        "Tax Effect Of Unusual Items": 0.0,
        "Tax Rate For Calcs": 0.201442,
        "Net Income From Continuing Operation Net Minority Interest": 101345000.0,
        "Reconciled Depreciation": 13293000.0,
        "Net Interest Income": 245108000.0,
        "Interest Expense": 293174000.0,
        "Interest Income": 538282000.0,
        "Normalized Income": 101345000.0,
        "Net Income From Continuing And Discontinued Operation": 101345000.0,
        "Diluted Average Shares": 48974265.0,
        "Basic Average Shares": 48744636.0,
        "Diluted EPS": 2.07,
        "Basic EPS": 2.08,
        "Diluted NI Availto Com Stockholders": 101345000.0,
        "Net Income Common Stockholders": 101345000.0,
        "Net Income": 101345000.0,
        "Net Income Including Noncontrolling Interests": 101345000.0,
        "Net Income Continuous Operations": 101345000.0,
        "Tax Provision": 25565000.0,
        "Pretax Income": 126910000.0,
        "Gain On Sale Of Security": -1867000.0,
        "Depreciation Amortization Depletion Income Statement": 1911000.0,
        "Depreciation And Amortization In Income Statement": 1911000.0,
        "Amortization": 1911000.0,
        "Amortization Of Intangibles Income Statement": 1911000.0,
        "Selling General And Administration": 149459000.0,
        "Selling And Marketing Expense": 6598000.0,
        "General And Administrative Expense": 142861000.0,
        "Other Gand A": NaN,
        "Salaries And Wages": 142861000.0,
        "Total Revenue": 348508000.0,
        "Operating Revenue": 348508000.0,
        "Occupancy And Equipment": 27326000.0,
        "Professional Expense And Contract Services Expense": 16566000.0,
        "Other Non Interest Expense": 12286000.0
    },
    "2024-09-30": {
        "Tax Effect Of Unusual Items": 0.0,
        "Tax Rate For Calcs": 0.191811,
        "Net Income From Continuing Operation Net Minority Interest": 109643000.0,
        "Reconciled Depreciation": 12947000.0,
        "Net Interest Income": 247376000.0,
        "Interest Expense": 310318000.0,
        "Interest Income": 557694000.0,
        "Normalized Income": 109643000.0,
        "Net Income From Continuing And Discontinued Operation": 109643000.0,
        "Diluted Average Shares": 49078497.0,
        "Basic Average Shares": 48775072.0,
        "Diluted EPS": 2.23,
        "Basic EPS": 2.25,
        "Diluted NI Availto Com Stockholders": 109643000.0,
        "Net Income Common Stockholders": 109643000.0,
        "Net Income": 109643000.0,
        "Net Income Including Noncontrolling Interests": 109643000.0,
        "Net Income Continuous Operations": 109643000.0,
        "Tax Provision": 26022000.0,
        "Pretax Income": 135665000.0,
        "Gain On Sale Of Security": 2623000.0,
        "Depreciation Amortization Depletion Income Statement": 1917000.0,
        "Depreciation And Amortization In Income Statement": 1917000.0,
        "Amortization": 1917000.0,
        "Amortization Of Intangibles Income Statement": 1917000.0,
        "Selling General And Administration": 153801000.0,
        "Selling And Marketing Expense": 6817000.0,
        "General And Administrative Expense": 146984000.0,
        "Other Gand A": NaN,
        "Salaries And Wages": 146984000.0,
        "Total Revenue": 363940000.0,
        "Operating Revenue": 363940000.0,
        "Occupancy And Equipment": 28262000.0,
        "Professional Expense And Contract Services Expense": 9518000.0,
        "Other Non Interest Expense": 16777000.0
    },
    "2024-12-31": {
        "Tax Effect Of Unusual Items": NaN,
        "Tax Rate For Calcs": NaN,
        "Net Income From Continuing Operation Net Minority Interest": NaN,
        "Reconciled Depreciation": NaN,
        "Net Interest Income": NaN,
        "Interest Expense": NaN,
        "Interest Income": NaN,
        "Normalized Income": NaN,
        "Net Income From Continuing And Discontinued Operation": NaN,
        "Diluted Average Shares": 49178891.0,
        "Basic Average Shares": 48807081.0,
        "Diluted EPS": 2.44,
        "Basic EPS": 2.46,
        "Diluted NI Availto Com Stockholders": NaN,
        "Net Income Common Stockholders": NaN,
        "Net Income": NaN,
        "Net Income Including Noncontrolling Interests": NaN,
        "Net Income Continuous Operations": NaN,
        "Tax Provision": NaN,
        "Pretax Income": NaN,
        "Gain On Sale Of Security": NaN,
        "Depreciation Amortization Depletion Income Statement": NaN,
        "Depreciation And Amortization In Income Statement": NaN,
        "Amortization": NaN,
        "Amortization Of Intangibles Income Statement": NaN,
        "Selling General And Administration": NaN,
        "Selling And Marketing Expense": NaN,
        "General And Administrative Expense": NaN,
        "Other Gand A": NaN,
        "Salaries And Wages": NaN,
        "Total Revenue": NaN,
        "Operating Revenue": NaN,
        "Occupancy And Equipment": NaN,
        "Professional Expense And Contract Services Expense": NaN,
        "Other Non Interest Expense": NaN
    }
}