{
    "2023-03-31": {
        "Tax Effect Of Unusual Items": 0.0,
        "Tax Rate For Calcs": 0.143,
        "Net Income From Continuing Operation Net Minority Interest": 2977000.0,
        "Reconciled Depreciation": 408000.0,
        "Net Interest Income": 9934000.0,
        "Interest Expense": 3069000.0,
        "Interest Income": 13003000.0,
        "Normalized Income": 2977000.0,
        "Net Income From Continuing And Discontinued Operation": 2977000.0,
        "Diluted Average Shares": 4537627.0,
        "Basic Average Shares": 4509099.0,
        "Diluted EPS": 0.66,
        "Basic EPS": 0.66,
        "Diluted NI Availto Com Stockholders": 2977000.0,
        "Net Income Common Stockholders": 2977000.0,
        "Net Income": 2977000.0,
        "Net Income Including Noncontrolling Interests": 2977000.0,
        "Net Income Continuous Operations": 2977000.0,
        "Tax Provision": 459000.0,
        "Pretax Income": 3436000.0,
        "Gain On Sale Of Security": 46000.0,
        "Depreciation Amortization Depletion Income Statement": NaN,
        "Depreciation And Amortization In Income Statement": NaN,
        "Amortization": NaN,
        "Amortization Of Intangibles Income Statement": NaN,
        "Selling General And Administration": 4879000.0,
        "Selling And Marketing Expense": NaN,
        "General And Administrative Expense": 4879000.0,
        "Other Gand A": NaN,
        "Insurance And Claims": NaN,
        "Salaries And Wages": 4879000.0,
        "Total Revenue": 12260000.0,
        "Operating Revenue": 12260000.0,
        "Occupancy And Equipment": 1475000.0,
        "Professional Expense And Contract Services Expense": NaN,
        "Other Non Interest Expense": 2396000.0
    },
    "2022-12-31": {
        "Tax Effect Of Unusual Items": 0.0,
        "Tax Rate For Calcs": 0.191739,
        "Net Income From Continuing Operation Net Minority Interest": 3444000.0,
        "Reconciled Depreciation": 428000.0,
        "Net Interest Income": 10339000.0,
        "Interest Expense": 2005000.0,
        "Interest Income": 12344000.0,
        "Normalized Income": 3444000.0,
        "Net Income From Continuing And Discontinued Operation": 3444000.0,
        "Diluted Average Shares": 4472727.0,
        "Basic Average Shares": 4472727.0,
        "Diluted EPS": 0.77,
        "Basic EPS": 0.77,
        "Diluted NI Availto Com Stockholders": 3444000.0,
        "Net Income Common Stockholders": 3444000.0,
        "Net Income": 3444000.0,
        "Net Income Including Noncontrolling Interests": 3444000.0,
        "Net Income Continuous Operations": 3444000.0,
        "Tax Provision": 817000.0,
        "Pretax Income": 4261000.0,
        "Gain On Sale Of Security": 60000.0,
        "Depreciation Amortization Depletion Income Statement": NaN,
        "Depreciation And Amortization In Income Statement": NaN,
        "Amortization": NaN,
        "Amortization Of Intangibles Income Statement": NaN,
        "Selling General And Administration": 6612000.0,
        "Selling And Marketing Expense": NaN,
        "General And Administrative Expense": 5995000.0,
        "Other Gand A": NaN,
        "Insurance And Claims": NaN,
        "Salaries And Wages": 5373000.0,
        "Total Revenue": 11670000.0,
        "Operating Revenue": 11670000.0
    },
    "2022-09-30": {
        "Tax Effect Of Unusual Items": 0.0,
        "Tax Rate For Calcs": 0.172429,
        "Net Income From Continuing Operation Net Minority Interest": 3758000.0,
        "Reconciled Depreciation": 451000.0,
        "Net Interest Income": 10440000.0,
        "Interest Expense": 1023000.0,
        "Interest Income": 11463000.0,
        "Normalized Income": 3758000.0,
        "Net Income From Continuing And Discontinued Operation": 3758000.0,
        "Diluted Average Shares": 4521973.0,
        "Basic Average Shares": 4495348.0,
        "Diluted EPS": 0.83,
        "Basic EPS": 0.84,
        "Diluted NI Availto Com Stockholders": 3758000.0,
        "Net Income Common Stockholders": 3758000.0,
        "Net Income": 3758000.0,
        "Net Income Including Noncontrolling Interests": 3758000.0,
        "Net Income Continuous Operations": 3758000.0,
        "Tax Provision": 783000.0,
        "Pretax Income": 4541000.0,
        "Gain On Sale Of Security": -60000.0,
        "Depreciation Amortization Depletion Income Statement": NaN,
        "Depreciation And Amortization In Income Statement": NaN,
        "Amortization": NaN,
        "Amortization Of Intangibles Income Statement": NaN,
        "Selling General And Administration": 4726000.0,
        "Selling And Marketing Expense": NaN,
        "General And Administrative Expense": 4726000.0,
        "Other Gand A": NaN,
        "Insurance And Claims": NaN,
        "Salaries And Wages": 4726000.0,
        "Total Revenue": 12907000.0,
        "Operating Revenue": 12907000.0
    },
    "2022-06-30": {
        "Tax Effect Of Unusual Items": 0.0,
        "Tax Rate For Calcs": 0.172268,
        "Net Income From Continuing Operation Net Minority Interest": 2931000.0,
        "Reconciled Depreciation": 463000.0,
        "Net Interest Income": 9671000.0,
        "Interest Expense": 733000.0,
        "Interest Income": 10404000.0,
        "Normalized Income": 2931000.0,
        "Net Income From Continuing And Discontinued Operation": 2931000.0,
        "Diluted Average Shares": 4513411.0,
        "Basic Average Shares": 4494027.0,
        "Diluted EPS": 0.65,
        "Basic EPS": 0.65,
        "Diluted NI Availto Com Stockholders": 2931000.0,
        "Net Income Common Stockholders": 2931000.0,
        "Net Income": 2931000.0,
        "Net Income Including Noncontrolling Interests": 2931000.0,
        "Net Income Continuous Operations": 2931000.0,
        "Tax Provision": 610000.0,
        "Pretax Income": 3541000.0,
        "Gain On Sale Of Security": -137000.0,
        "Depreciation Amortization Depletion Income Statement": 0.0,
        "Depreciation And Amortization In Income Statement": 0.0,
        "Amortization": 0.0,
        "Amortization Of Intangibles Income Statement": 0.0,
        "Selling General And Administration": 4815000.0,
        "Selling And Marketing Expense": NaN,
        "General And Administrative Expense": 4815000.0,
        "Other Gand A": 93000.0,
        "Insurance And Claims": 146000.0,
        "Salaries And Wages": 4815000.0,
        "Total Revenue": 11836000.0,
        "Operating Revenue": 11836000.0
    },
    "2022-03-31": {
        "Diluted EPS": 0.55,
        "Total Revenue": 12,
        "Gross Profit": 11,
        "Operating Income": 3,
        "EBIT": NaN,
        "Net Income": 2
    },
    "2021-12-31": {
        "Diluted EPS": 0.75,
        "Total Revenue": 13,
        "Gross Profit": 12,
        "Operating Income": 4,
        "EBIT": NaN,
        "Net Income": 3
    },
    "2021-09-30": {
        "Diluted EPS": 0.87,
        "Total Revenue": 14,
        "Gross Profit": 13,
        "Operating Income": 5,
        "EBIT": NaN,
        "Net Income": 4
    },
    "2021-06-30": {
        "Diluted EPS": 0.66,
        "Total Revenue": 13,
        "Gross Profit": 12,
        "Operating Income": 4,
        "EBIT": NaN,
        "Net Income": 3
    },
    "2021-03-31": {
        "Diluted EPS": 0.64,
        "Total Revenue": 12,
        "Gross Profit": 11,
        "Operating Income": 3,
        "EBIT": NaN,
        "Net Income": 3
    },
    "2020-12-31": {
        "Diluted EPS": 0.85,
        "Total Revenue": 14,
        "Gross Profit": 13,
        "Operating Income": 5,
        "EBIT": NaN,
        "Net Income": 4
    },
    "2020-09-30": {
        "Diluted EPS": 0.92,
        "Total Revenue": 15,
        "Gross Profit": 14,
        "Operating Income": 5,
        "EBIT": NaN,
        "Net Income": 4
    },
    "2020-06-30": {
        "Diluted EPS": 0.59,
        "Total Revenue": 12,
        "Gross Profit": 11,
        "Operating Income": 3,
        "EBIT": NaN,
        "Net Income": 3
    },
    "2020-03-31": {
        "Diluted EPS": 0.49,
        "Total Revenue": 11,
        "Gross Profit": 10,
        "Operating Income": 3,
        "EBIT": NaN,
        "Net Income": 2
    },
    "2019-12-31": {
        "Diluted EPS": 0.61,
        "Total Revenue": 12,
        "Gross Profit": 11,
        "Operating Income": 3,
        "EBIT": NaN,
        "Net Income": 3
    },
    "2019-09-30": {
        "Diluted EPS": 0.62,
        "Total Revenue": 12,
        "Gross Profit": 10,
        "Operating Income": 3,
        "EBIT": NaN,
        "Net Income": 3
    },
    "2019-06-30": {
        "Diluted EPS": 0.56,
        "Total Revenue": 11,
        "Gross Profit": 10,
        "Operating Income": 3,
        "EBIT": NaN,
        "Net Income": 3
    },
    "2019-03-31": {
        "Diluted EPS": 0.59,
        "Total Revenue": 11,
        "Gross Profit": 10,
        "Operating Income": 3,
        "EBIT": NaN,
        "Net Income": 3
    },
    "2018-12-31": {
        "Diluted EPS": -0.1,
        "Total Revenue": 11,
        "Gross Profit": 10,
        "Operating Income": -1,
        "EBIT": NaN,
        "Net Income": 0
    },
    "2018-09-30": {
        "Diluted EPS": 0.52,
        "Total Revenue": 11,
        "Gross Profit": 9,
        "Operating Income": 3,
        "EBIT": NaN,
        "Net Income": 2
    },
    "2018-06-30": {
        "Diluted EPS": 0.54,
        "Total Revenue": 10,
        "Gross Profit": 9,
        "Operating Income": 3,
        "EBIT": NaN,
        "Net Income": 2
    },
    "2018-03-31": {
        "Diluted EPS": 0.62,
        "Total Revenue": 10,
        "Gross Profit": 9,
        "Operating Income": 3,
        "EBIT": NaN,
        "Net Income": 3
    },
    "2017-12-31": {
        "Diluted EPS": 0.43,
        "Total Revenue": 10,
        "Gross Profit": 9,
        "Operating Income": 3,
        "EBIT": NaN,
        "Net Income": 2
    },
    "2017-09-30": {
        "Diluted EPS": 0.53,
        "Total Revenue": 10,
        "Gross Profit": 9,
        "Operating Income": 3,
        "EBIT": NaN,
        "Net Income": 2
    },
    "2017-06-30": {
        "Diluted EPS": 0.5,
        "Total Revenue": 9,
        "Gross Profit": 9,
        "Operating Income": 3,
        "EBIT": NaN,
        "Net Income": 2
    },
    "2017-03-31": {
        "Diluted EPS": 0.43,
        "Total Revenue": 9,
        "Gross Profit": 9,
        "Operating Income": 3,
        "EBIT": NaN,
        "Net Income": 2
    },
    "2016-12-31": {
        "Diluted EPS": 0.53,
        "Total Revenue": 9,
        "Gross Profit": 9,
        "Operating Income": 3,
        "EBIT": NaN,
        "Net Income": 2
    },
    "2016-09-30": {
        "Diluted EPS": 0.51,
        "Total Revenue": 10,
        "Gross Profit": 9,
        "Operating Income": 3,
        "EBIT": NaN,
        "Net Income": 2
    },
    "2016-06-30": {
        "Diluted EPS": 0.48,
        "Total Revenue": 9,
        "Gross Profit": 9,
        "Operating Income": 3,
        "EBIT": NaN,
        "Net Income": 2
    },
    "2016-03-31": {
        "Diluted EPS": 0.39,
        "Total Revenue": 9,
        "Gross Profit": 8,
        "Operating Income": 2,
        "EBIT": NaN,
        "Net Income": 2
    },
    "2015-12-31": {
        "Diluted EPS": 0.44,
        "Total Revenue": 9,
        "Gross Profit": 8,
        "Operating Income": 3,
        "EBIT": NaN,
        "Net Income": 2
    },
    "2015-09-30": {
        "Diluted EPS": 0.45,
        "Total Revenue": 9,
        "Gross Profit": 8,
        "Operating Income": 3,
        "EBIT": NaN,
        "Net Income": 2
    },
    "2015-06-30": {
        "Diluted EPS": 0.46,
        "Total Revenue": 9,
        "Gross Profit": 8,
        "Operating Income": 3,
        "EBIT": NaN,
        "Net Income": 2
    },
    "2015-03-31": {
        "Diluted EPS": 0.42,
        "Total Revenue": 8,
        "Gross Profit": 8,
        "Operating Income": 2,
        "EBIT": NaN,
        "Net Income": 2
    },
    "2014-12-31": {
        "Diluted EPS": 0.43,
        "Total Revenue": 8,
        "Gross Profit": 8,
        "Operating Income": 2,
        "EBIT": NaN,
        "Net Income": 2
    },
    "2014-09-30": {
        "Diluted EPS": 0.47,
        "Total Revenue": 9,
        "Gross Profit": 8,
        "Operating Income": 3,
        "EBIT": NaN,
        "Net Income": 2
    },
    "2014-06-30": {
        "Diluted EPS": 0.43,
        "Total Revenue": 8,
        "Gross Profit": 8,
        "Operating Income": 2,
        "EBIT": NaN,
        "Net Income": 2
    },
    "2014-03-31": {
        "Diluted EPS": 0.4,
        "Total Revenue": 8,
        "Gross Profit": 7,
        "Operating Income": 2,
        "EBIT": NaN,
        "Net Income": 2
    },
    "2013-12-31": {
        "Diluted EPS": 0.34,
        "Total Revenue": 8,
        "Gross Profit": 8,
        "Operating Income": 2,
        "EBIT": NaN,
        "Net Income": 2
    },
    "2013-09-30": {
        "Diluted EPS": 0.47,
        "Total Revenue": 8,
        "Gross Profit": 8,
        "Operating Income": 3,
        "EBIT": NaN,
        "Net Income": 2
    },
    "2013-06-30": {
        "Diluted EPS": 0.4,
        "Total Revenue": 8,
        "Gross Profit": 8,
        "Operating Income": 2,
        "EBIT": NaN,
        "Net Income": 2
    },
    "2013-03-31": {
        "Diluted EPS": 0.39,
        "Total Revenue": 8,
        "Gross Profit": 7,
        "Operating Income": 2,
        "EBIT": NaN,
        "Net Income": 2
    },
    "2012-12-31": {
        "Diluted EPS": 0.5,
        "Total Revenue": 10,
        "Gross Profit": 9,
        "Operating Income": 3,
        "EBIT": NaN,
        "Net Income": 2
    },
    "2012-09-30": {
        "Diluted EPS": 0.44,
        "Total Revenue": 9,
        "Gross Profit": 8,
        "Operating Income": 3,
        "EBIT": NaN,
        "Net Income": 2
    },
    "2012-06-30": {
        "Diluted EPS": 0.32,
        "Total Revenue": 8,
        "Gross Profit": 8,
        "Operating Income": 2,
        "EBIT": NaN,
        "Net Income": 1
    },
    "2012-03-31": {
        "Diluted EPS": 0.28,
        "Total Revenue": 8,
        "Gross Profit": 7,
        "Operating Income": 1,
        "EBIT": NaN,
        "Net Income": 1
    },
    "2011-12-31": {
        "Diluted EPS": 0.39,
        "Total Revenue": 8,
        "Gross Profit": 7,
        "Operating Income": 2,
        "EBIT": NaN,
        "Net Income": 2
    },
    "2011-09-30": {
        "Diluted EPS": 0.32,
        "Total Revenue": 8,
        "Gross Profit": 7,
        "Operating Income": 2,
        "EBIT": NaN,
        "Net Income": 1
    },
    "2011-06-30": {
        "Diluted EPS": 0.23,
        "Total Revenue": 7,
        "Gross Profit": 6,
        "Operating Income": 1,
        "EBIT": NaN,
        "Net Income": 1
    },
    "2011-03-31": {
        "Diluted EPS": 0.23,
        "Total Revenue": 7,
        "Gross Profit": 6,
        "Operating Income": 1,
        "EBIT": NaN,
        "Net Income": 1
    },
    "2010-12-31": {
        "Diluted EPS": 0.31,
        "Total Revenue": 7,
        "Gross Profit": 6,
        "Operating Income": 2,
        "EBIT": NaN,
        "Net Income": 1
    },
    "2010-09-30": {
        "Diluted EPS": 0.33,
        "Total Revenue": 7,
        "Gross Profit": 6,
        "Operating Income": 2,
        "EBIT": NaN,
        "Net Income": 1
    },
    "2010-06-30": {
        "Diluted EPS": 0.34,
        "Total Revenue": 7,
        "Gross Profit": 6,
        "Operating Income": 2,
        "EBIT": NaN,
        "Net Income": 2
    },
    "2010-03-31": {
        "Diluted EPS": 0.27,
        "Total Revenue": 7,
        "Gross Profit": 6,
        "Operating Income": 2,
        "EBIT": NaN,
        "Net Income": 1
    },
    "2009-12-31": {
        "Diluted EPS": 0.29,
        "Total Revenue": 7,
        "Gross Profit": 6,
        "Operating Income": 2,
        "EBIT": NaN,
        "Net Income": 1
    },
    "2009-09-30": {
        "Diluted EPS": 0.32,
        "Total Revenue": 7,
        "Gross Profit": 6,
        "Operating Income": 2,
        "EBIT": NaN,
        "Net Income": 1
    },
    "2009-06-30": {
        "Diluted EPS": 0.28,
        "Total Revenue": 7,
        "Gross Profit": 6,
        "Operating Income": 1,
        "EBIT": NaN,
        "Net Income": 1
    },
    "2009-03-31": {
        "Diluted EPS": 0.28,
        "Total Revenue": 7,
        "Gross Profit": 6,
        "Operating Income": 2,
        "EBIT": NaN,
        "Net Income": 1
    },
    "2023-06-30": {
        "Tax Effect Of Unusual Items": NaN,
        "Tax Rate For Calcs": NaN,
        "Net Income From Continuing Operation Net Minority Interest": NaN,
        "Reconciled Depreciation": NaN,
        "Net Interest Income": NaN,
        "Interest Expense": NaN,
        "Interest Income": NaN,
        "Normalized Income": NaN,
        "Net Income From Continuing And Discontinued Operation": NaN,
        "Diluted Average Shares": NaN,
        "Basic Average Shares": NaN,
        "Diluted EPS": NaN,
        "Basic EPS": NaN,
        "Diluted NI Availto Com Stockholders": NaN,
        "Net Income Common Stockholders": NaN,
        "Net Income": NaN,
        "Net Income Including Noncontrolling Interests": NaN,
        "Net Income Continuous Operations": NaN,
        "Tax Provision": NaN,
        "Pretax Income": NaN,
        "Gain On Sale Of Security": NaN,
        "Depreciation Amortization Depletion Income Statement": 77000.0,
        "Depreciation And Amortization In Income Statement": 77000.0,
        "Amortization": 77000.0,
        "Amortization Of Intangibles Income Statement": 77000.0,
        "Selling General And Administration": NaN,
        "Selling And Marketing Expense": 192000.0,
        "General And Administrative Expense": NaN,
        "Other Gand A": 50000.0,
        "Insurance And Claims": 283000.0,
        "Salaries And Wages": NaN,
        "Total Revenue": NaN,
        "Operating Revenue": NaN,
        "Occupancy And Equipment": NaN,
        "Professional Expense And Contract Services Expense": 250000.0,
        "Other Non Interest Expense": NaN
    },
    "2023-09-30": {
        "Tax Effect Of Unusual Items": 0.0,
        "Tax Rate For Calcs": 0.108,
        "Net Income From Continuing Operation Net Minority Interest": 2532000.0,
        "Reconciled Depreciation": 400000.0,
        "Net Interest Income": 9068000.0,
        "Interest Expense": 5699000.0,
        "Interest Income": 14767000.0,
        "Normalized Income": 2532000.0,
        "Net Income From Continuing And Discontinued Operation": 2532000.0,
        "Diluted Average Shares": 4521429.0,
        "Basic Average Shares": 4521429.0,
        "Diluted EPS": 0.56,
        "Basic EPS": 0.56,
        "Diluted NI Availto Com Stockholders": 2532000.0,
        "Net Income Common Stockholders": 2532000.0,
        "Net Income": 2532000.0,
        "Net Income Including Noncontrolling Interests": 2532000.0,
        "Net Income Continuous Operations": 2532000.0,
        "Tax Provision": 296000.0,
        "Pretax Income": 2828000.0,
        "Gain On Sale Of Security": -41000.0,
        "Depreciation Amortization Depletion Income Statement": 47000.0,
        "Depreciation And Amortization In Income Statement": 47000.0,
        "Amortization": 47000.0,
        "Amortization Of Intangibles Income Statement": 47000.0,
        "Selling General And Administration": 5566000.0,
        "Selling And Marketing Expense": 122000.0,
        "General And Administrative Expense": 5444000.0,
        "Other Gand A": 240000.0,
        "Insurance And Claims": 267000.0,
        "Salaries And Wages": 4937000.0,
        "Total Revenue": 11213000.0,
        "Operating Revenue": 11213000.0,
        "Occupancy And Equipment": 1394000.0,
        "Professional Expense And Contract Services Expense": 274000.0,
        "Other Non Interest Expense": 1243000.0
    },
    "2023-12-31": {
        "Tax Effect Of Unusual Items": 0.0,
        "Tax Rate For Calcs": 0.123599,
        "Net Income From Continuing Operation Net Minority Interest": 3049000.0,
        "Reconciled Depreciation": 427000.0,
        "Net Interest Income": 9007000.0,
        "Interest Expense": 6314000.0,
        "Interest Income": 15321000.0,
        "Normalized Income": 3049000.0,
        "Net Income From Continuing And Discontinued Operation": 3049000.0,
        "Diluted Average Shares": 4483824.0,
        "Basic Average Shares": 4483824.0,
        "Diluted EPS": 0.68,
        "Basic EPS": 0.68,
        "Diluted NI Availto Com Stockholders": 3049000.0,
        "Net Income Common Stockholders": 3049000.0,
        "Net Income": 3049000.0,
        "Net Income Including Noncontrolling Interests": 3049000.0,
        "Net Income Continuous Operations": 3049000.0,
        "Tax Provision": 430000.0,
        "Pretax Income": 3479000.0,
        "Gain On Sale Of Security": 128000.0,
        "Depreciation Amortization Depletion Income Statement": NaN,
        "Depreciation And Amortization In Income Statement": NaN,
        "Amortization": NaN,
        "Amortization Of Intangibles Income Statement": NaN,
        "Selling General And Administration": 6309000.0,
        "Selling And Marketing Expense": NaN,
        "General And Administrative Expense": 5650000.0,
        "Other Gand A": NaN,
        "Insurance And Claims": NaN,
        "Salaries And Wages": 4652000.0,
        "Total Revenue": 10863000.0,
        "Operating Revenue": 10863000.0,
        "Occupancy And Equipment": 1524000.0,
        "Professional Expense And Contract Services Expense": NaN,
        "Other Non Interest Expense": -1127000.0
    },
    "2024-03-31": {
        "Tax Effect Of Unusual Items": 0.0,
        "Tax Rate For Calcs": 0.088,
        "Net Income From Continuing Operation Net Minority Interest": 2417000.0,
        "Reconciled Depreciation": 418000.0,
        "Net Interest Income": 8928000.0,
        "Interest Expense": 6613000.0,
        "Interest Income": 15541000.0,
        "Normalized Income": 2417000.0,
        "Net Income From Continuing And Discontinued Operation": 2417000.0,
        "Diluted Average Shares": 4537181.0,
        "Basic Average Shares": 4519209.0,
        "Diluted EPS": 0.53,
        "Basic EPS": 0.53,
        "Diluted NI Availto Com Stockholders": 2417000.0,
        "Net Income Common Stockholders": 2417000.0,
        "Net Income": 2417000.0,
        "Net Income Including Noncontrolling Interests": 2417000.0,
        "Net Income Continuous Operations": 2417000.0,
        "Tax Provision": 165000.0,
        "Pretax Income": 2582000.0,
        "Gain On Sale Of Security": 95000.0,
        "Depreciation Amortization Depletion Income Statement": NaN,
        "Depreciation And Amortization In Income Statement": NaN,
        "Amortization": NaN,
        "Amortization Of Intangibles Income Statement": NaN,
        "Selling General And Administration": 5042000.0,
        "Selling And Marketing Expense": NaN,
        "General And Administrative Expense": 5042000.0,
        "Other Gand A": NaN,
        "Insurance And Claims": NaN,
        "Salaries And Wages": 5042000.0,
        "Total Revenue": 11575000.0,
        "Operating Revenue": 11575000.0,
        "Occupancy And Equipment": 1512000.0,
        "Professional Expense And Contract Services Expense": NaN,
        "Other Non Interest Expense": 2669000.0
    },
    "2024-06-30": {
        "Tax Effect Of Unusual Items": 0.0,
        "Tax Rate For Calcs": 0.029,
        "Net Income From Continuing Operation Net Minority Interest": 2019000.0,
        "Reconciled Depreciation": 405000.0,
        "Net Interest Income": 9380000.0,
        "Interest Expense": 7068000.0,
        "Interest Income": 16448000.0,
        "Normalized Income": 2019000.0,
        "Net Income From Continuing And Discontinued Operation": 2019000.0,
        "Diluted Average Shares": 4553124.0,
        "Basic Average Shares": 4521829.0,
        "Diluted EPS": 0.45,
        "Basic EPS": 0.45,
        "Diluted NI Availto Com Stockholders": 2019000.0,
        "Net Income Common Stockholders": 2019000.0,
        "Net Income": 2019000.0,
        "Net Income Including Noncontrolling Interests": 2019000.0,
        "Net Income Continuous Operations": 2019000.0,
        "Tax Provision": 61000.0,
        "Pretax Income": 2080000.0,
        "Gain On Sale Of Security": 33000.0,
        "Depreciation Amortization Depletion Income Statement": 62000.0,
        "Depreciation And Amortization In Income Statement": 62000.0,
        "Amortization": 62000.0,
        "Amortization Of Intangibles Income Statement": 62000.0,
        "Selling General And Administration": 5972000.0,
        "Selling And Marketing Expense": 213000.0,
        "General And Administrative Expense": 5759000.0,
        "Other Gand A": 65000.0,
        "Insurance And Claims": 289000.0,
        "Salaries And Wages": 5405000.0,
        "Total Revenue": 11860000.0,
        "Operating Revenue": 11860000.0,
        "Occupancy And Equipment": 1561000.0,
        "Professional Expense And Contract Services Expense": 305000.0,
        "Other Non Interest Expense": 1492000.0
    },
    "2024-09-30": {
        "Tax Effect Of Unusual Items": 0.0,
        "Tax Rate For Calcs": 0.104,
        "Net Income From Continuing Operation Net Minority Interest": 1324000.0,
        "Reconciled Depreciation": 395000.0,
        "Net Interest Income": 9283000.0,
        "Interest Expense": 7761000.0,
        "Interest Income": 17044000.0,
        "Normalized Income": 1324000.0,
        "Net Income From Continuing And Discontinued Operation": 1324000.0,
        "Diluted Average Shares": 4555591.0,
        "Basic Average Shares": 4524319.0,
        "Diluted EPS": 0.29,
        "Basic EPS": 0.29,
        "Diluted NI Availto Com Stockholders": 1324000.0,
        "Net Income Common Stockholders": 1324000.0,
        "Net Income": 1324000.0,
        "Net Income Including Noncontrolling Interests": 1324000.0,
        "Net Income Continuous Operations": 1324000.0,
        "Tax Provision": -123000.0,
        "Pretax Income": 1201000.0,
        "Gain On Sale Of Security": -1210000.0,
        "Depreciation Amortization Depletion Income Statement": -45000.0,
        "Depreciation And Amortization In Income Statement": -45000.0,
        "Amortization": -45000.0,
        "Amortization Of Intangibles Income Statement": -45000.0,
        "Selling General And Administration": 6145000.0,
        "Selling And Marketing Expense": 177000.0,
        "General And Administrative Expense": 5968000.0,
        "Other Gand A": 135000.0,
        "Insurance And Claims": 296000.0,
        "Salaries And Wages": 5537000.0,
        "Total Revenue": 10643000.0,
        "Operating Revenue": 10643000.0,
        "Occupancy And Equipment": 1511000.0,
        "Professional Expense And Contract Services Expense": 226000.0,
        "Other Non Interest Expense": 1180000.0
    }
}