{
    "2023-05-31": {
        "Tax Effect Of Unusual Items": 0.0,
        "Tax Rate For Calcs": 0.272,
        "Normalized EBITDA": 64572000.0,
        "Net Income From Continuing Operation Net Minority Interest": 24276000.0,
        "Reconciled Depreciation": 31175000.0,
        "Reconciled Cost Of Revenue": 379419000.0,
        "EBITDA": 64572000.0,
        "EBIT": 33397000.0,
        "Net Interest Income": 553000.0,
        "Interest Income": 553000.0,
        "Normalized Income": 24276000.0,
        "Net Income From Continuing And Discontinued Operation": 24276000.0,
        "Total Expenses": 543271000.0,
        "Total Operating Income As Reported": 33397000.0,
        "Diluted Average Shares": 18748000.0,
        "Basic Average Shares": 18677000.0,
        "Diluted EPS": 1.29,
        "Basic EPS": 1.35,
        "Diluted NI Availto Com Stockholders": 24276000.0,
        "Net Income Common Stockholders": 24276000.0,
        "Net Income": 24276000.0,
        "Net Income Including Noncontrolling Interests": 24276000.0,
        "Net Income Continuous Operations": 24276000.0,
        "Tax Provision": 9053000.0,
        "Pretax Income": 33329000.0,
        "Other Income Expense": -621000.0,
        "Other Non Operating Income Expenses": -621000.0,
        "Net Non Operating Interest Income Expense": 553000.0,
        "Interest Income Non Operating": 553000.0,
        "Operating Income": 33397000.0,
        "Operating Expense": 163852000.0,
        "Depreciation Amortization Depletion Income Statement": 31175000.0,
        "Depreciation And Amortization In Income Statement": 31175000.0,
        "Selling General And Administration": 132677000.0,
        "Gross Profit": 197249000.0,
        "Cost Of Revenue": 379419000.0,
        "Total Revenue": 576668000.0,
        "Operating Revenue": 576668000.0
    },
    "2023-02-28": {
        "Tax Effect Of Unusual Items": 0.0,
        "Tax Rate For Calcs": 0.246201,
        "Normalized EBITDA": 50605000.0,
        "Net Income From Continuing Operation Net Minority Interest": 17810000.0,
        "Reconciled Depreciation": 29895000.0,
        "Reconciled Cost Of Revenue": 369896000.0,
        "EBITDA": 50605000.0,
        "EBIT": 20710000.0,
        "Net Interest Income": 3031000.0,
        "Interest Income": 3031000.0,
        "Normalized Income": 17810000.0,
        "Net Income From Continuing And Discontinued Operation": 17810000.0,
        "Total Expenses": 521981000.0,
        "Total Operating Income As Reported": 20710000.0,
        "Diluted Average Shares": 18767000.0,
        "Basic Average Shares": 18677000.0,
        "Diluted EPS": 0.95,
        "Basic EPS": 0.99,
        "Diluted NI Availto Com Stockholders": 17810000.0,
        "Net Income Common Stockholders": 17810000.0,
        "Net Income": 17810000.0,
        "Net Income Including Noncontrolling Interests": 17810000.0,
        "Net Income Continuous Operations": 17810000.0,
        "Tax Provision": 5817000.0,
        "Pretax Income": 23627000.0,
        "Other Income Expense": -114000.0,
        "Other Non Operating Income Expenses": -114000.0,
        "Net Non Operating Interest Income Expense": 3031000.0,
        "Interest Income Non Operating": 3031000.0,
        "Operating Income": 20710000.0,
        "Operating Expense": 152085000.0,
        "Depreciation Amortization Depletion Income Statement": 29895000.0,
        "Depreciation And Amortization In Income Statement": 29895000.0,
        "Selling General And Administration": 122190000.0,
        "Gross Profit": 172795000.0,
        "Cost Of Revenue": 369896000.0,
        "Total Revenue": 542691000.0,
        "Operating Revenue": 542691000.0
    },
    "2022-11-30": {
        "Tax Effect Of Unusual Items": 0.0,
        "Tax Rate For Calcs": 0.252,
        "Normalized EBITDA": 70463000.0,
        "Net Income From Continuing Operation Net Minority Interest": 33957000.0,
        "Reconciled Depreciation": 27045000.0,
        "Reconciled Cost Of Revenue": 353972000.0,
        "EBITDA": 70463000.0,
        "EBIT": 43418000.0,
        "Net Interest Income": 2769000.0,
        "Interest Income": 2769000.0,
        "Normalized Income": 33957000.0,
        "Net Income From Continuing And Discontinued Operation": 33957000.0,
        "Total Expenses": 498380000.0,
        "Total Operating Income As Reported": 43418000.0,
        "Diluted Average Shares": 18754000.0,
        "Basic Average Shares": 18672000.0,
        "Diluted EPS": 1.81,
        "Basic EPS": 1.89,
        "Diluted NI Availto Com Stockholders": 33957000.0,
        "Net Income Common Stockholders": 33957000.0,
        "Net Income": 33957000.0,
        "Net Income Including Noncontrolling Interests": 33957000.0,
        "Net Income Continuous Operations": 33957000.0,
        "Tax Provision": 11439000.0,
        "Pretax Income": 45396000.0,
        "Other Income Expense": -791000.0,
        "Other Non Operating Income Expenses": -791000.0,
        "Net Non Operating Interest Income Expense": 2769000.0,
        "Interest Income Non Operating": 2769000.0,
        "Operating Income": 43418000.0,
        "Operating Expense": 144408000.0,
        "Depreciation Amortization Depletion Income Statement": 27045000.0,
        "Depreciation And Amortization In Income Statement": 27045000.0,
        "Selling General And Administration": 117363000.0,
        "Gross Profit": 187826000.0,
        "Cost Of Revenue": 353972000.0,
        "Total Revenue": 541798000.0,
        "Operating Revenue": 541798000.0
    },
    "2022-08-31": {
        "Tax Effect Of Unusual Items": 0.0,
        "Tax Rate For Calcs": 0.21253,
        "Normalized EBITDA": 61284000.0,
        "Net Income From Continuing Operation Net Minority Interest": 26181000.0,
        "Reconciled Depreciation": 28033000.0,
        "Reconciled Cost Of Revenue": 336872000.0,
        "EBITDA": 61284000.0,
        "EBIT": 33251000.0,
        "Net Interest Income": 1112000.0,
        "Interest Income": 1112000.0,
        "Normalized Income": 26181000.0,
        "Net Income From Continuing And Discontinued Operation": 26181000.0,
        "Total Expenses": 483163000.0,
        "Total Operating Income As Reported": 33251000.0,
        "Diluted Average Shares": 18846000.0,
        "Basic Average Shares": 18756000.0,
        "Diluted EPS": 1.39,
        "Basic EPS": 1.45,
        "Diluted NI Availto Com Stockholders": 26181000.0,
        "Net Income Common Stockholders": 26181000.0,
        "Net Income": 26181000.0,
        "Net Income Including Noncontrolling Interests": 26181000.0,
        "Net Income Continuous Operations": 26181000.0,
        "Tax Provision": 7066000.0,
        "Pretax Income": 33247000.0,
        "Other Income Expense": -1116000.0,
        "Other Non Operating Income Expenses": -1116000.0,
        "Net Non Operating Interest Income Expense": 1112000.0,
        "Interest Income Non Operating": 1112000.0,
        "Operating Income": 33251000.0,
        "Operating Expense": 146291000.0,
        "Depreciation Amortization Depletion Income Statement": 28033000.0,
        "Depreciation And Amortization In Income Statement": 28033000.0,
        "Selling General And Administration": 118258000.0,
        "Gross Profit": 179542000.0,
        "Cost Of Revenue": 336872000.0,
        "Total Revenue": 516414000.0,
        "Operating Revenue": 516414000.0
    },
    "2022-05-31": {
        "Tax Effect Of Unusual Items": 0.0,
        "Tax Rate For Calcs": 0.254092,
        "Normalized EBITDA": 60724000.0,
        "Net Income From Continuing Operation Net Minority Interest": 25067000.0,
        "Reconciled Depreciation": 27027000.0,
        "Reconciled Cost Of Revenue": 334633000.0,
        "EBIT": 33697000.0,
        "Net Interest Income": 340000.0,
        "Interest Income": 340000.0,
        "Normalized Income": 25067000.0,
        "Net Income From Continuing And Discontinued Operation": 25067000.0,
        "Total Expenses": 477851000.0,
        "Total Operating Income As Reported": 33697000.0,
        "Diluted Average Shares": 18875000.0,
        "Basic Average Shares": 15170000.0,
        "Diluted EPS": 1.33,
        "Basic EPS": 1.39,
        "Diluted NI Availto Com Stockholders": 25067000.0,
        "Net Income Common Stockholders": 25067000.0,
        "Net Income": 25067000.0,
        "Net Income Including Noncontrolling Interests": 25067000.0,
        "Net Income Continuous Operations": 25067000.0,
        "Tax Provision": 8539000.0,
        "Pretax Income": 33606000.0,
        "Other Income Expense": -431000.0,
        "Other Non Operating Income Expenses": -431000.0,
        "Net Non Operating Interest Income Expense": 340000.0,
        "Interest Income Non Operating": 340000.0,
        "Operating Income": 33697000.0,
        "Operating Expense": 143218000.0,
        "Depreciation Amortization Depletion Income Statement": 27027000.0,
        "Depreciation And Amortization In Income Statement": 27027000.0,
        "Selling General And Administration": 116191000.0,
        "Gross Profit": 176915000.0,
        "Cost Of Revenue": 334633000.0,
        "Total Revenue": 511548000.0,
        "Operating Revenue": 511548000.0
    },
    "2022-02-28": {
        "Diluted EPS": 0.97,
        "Total Revenue": 487,
        "Gross Profit": 162,
        "Operating Income": 23,
        "EBIT": 49,
        "Net Income": 18
    },
    "2021-11-30": {
        "Diluted EPS": 1.77,
        "Total Revenue": 486,
        "Gross Profit": 176,
        "Operating Income": 45,
        "EBIT": 72,
        "Net Income": 34
    },
    "2021-08-31": {
        "Diluted EPS": 1.82,
        "Total Revenue": 465,
        "Gross Profit": 176,
        "Operating Income": 45,
        "EBIT": 72,
        "Net Income": 35
    },
    "2021-05-31": {
        "Diluted EPS": 2.21,
        "Total Revenue": 464,
        "Gross Profit": 178,
        "Operating Income": 54,
        "EBIT": 81,
        "Net Income": 42
    },
    "2021-02-28": {
        "Diluted EPS": 1.71,
        "Total Revenue": 450,
        "Gross Profit": 160,
        "Operating Income": 41,
        "EBIT": 67,
        "Net Income": 33
    },
    "2020-11-30": {
        "Diluted EPS": 2.2,
        "Total Revenue": 447,
        "Gross Profit": 171,
        "Operating Income": 56,
        "EBIT": 82,
        "Net Income": 42
    },
    "2020-08-31": {
        "Diluted EPS": 1.67,
        "Total Revenue": 429,
        "Gross Profit": 158,
        "Operating Income": 41,
        "EBIT": 68,
        "Net Income": 32
    },
    "2020-05-31": {
        "Diluted EPS": 1.12,
        "Total Revenue": 446,
        "Gross Profit": 142,
        "Operating Income": 28,
        "EBIT": 54,
        "Net Income": 21
    },
    "2020-02-29": {
        "Diluted EPS": 1.82,
        "Total Revenue": 465,
        "Gross Profit": 163,
        "Operating Income": 44,
        "EBIT": 70,
        "Net Income": 35
    },
    "2019-11-30": {
        "Diluted EPS": 2.52,
        "Total Revenue": 465,
        "Gross Profit": 176,
        "Operating Income": 60,
        "EBIT": 86,
        "Net Income": 48
    },
    "2019-08-31": {
        "Diluted EPS": 2.4,
        "Total Revenue": 480,
        "Gross Profit": 179,
        "Operating Income": 59,
        "EBIT": 87,
        "Net Income": 46
    },
    "2019-05-31": {
        "Diluted EPS": 2.46,
        "Total Revenue": 454,
        "Gross Profit": 174,
        "Operating Income": 60,
        "EBIT": 86,
        "Net Income": 47
    },
    "2019-02-28": {
        "Diluted EPS": 2.48,
        "Total Revenue": 437,
        "Gross Profit": 156,
        "Operating Income": 62,
        "EBIT": 88,
        "Net Income": 48
    },
    "2018-11-30": {
        "Diluted EPS": 1.99,
        "Total Revenue": 439,
        "Gross Profit": 162,
        "Operating Income": 50,
        "EBIT": 76,
        "Net Income": 38
    },
    "2018-08-31": {
        "Diluted EPS": 1.84,
        "Total Revenue": 434,
        "Gross Profit": 164,
        "Operating Income": 41,
        "EBIT": 67,
        "Net Income": 35
    },
    "2018-05-31": {
        "Diluted EPS": 1.85,
        "Total Revenue": 427,
        "Gross Profit": 160,
        "Operating Income": 47,
        "EBIT": 72,
        "Net Income": 36
    },
    "2018-02-28": {
        "Diluted EPS": 2.85,
        "Total Revenue": 419,
        "Gross Profit": 154,
        "Operating Income": 42,
        "EBIT": 65,
        "Net Income": 58
    },
    "2017-11-30": {
        "Diluted EPS": 1.67,
        "Total Revenue": 416,
        "Gross Profit": 162,
        "Operating Income": 52,
        "EBIT": 75,
        "Net Income": 34
    },
    "2017-08-31": {
        "Diluted EPS": -0.23,
        "Total Revenue": 404,
        "Gross Profit": 154,
        "Operating Income": -10,
        "EBIT": 13,
        "Net Income": -5
    },
    "2017-05-31": {
        "Diluted EPS": 1.19,
        "Total Revenue": 410,
        "Gross Profit": 154,
        "Operating Income": 39,
        "EBIT": 61,
        "Net Income": 24
    },
    "2017-02-28": {
        "Diluted EPS": 1.1,
        "Total Revenue": 391,
        "Gross Profit": 142,
        "Operating Income": 36,
        "EBIT": 57,
        "Net Income": 23
    },
    "2016-11-30": {
        "Diluted EPS": 1.38,
        "Total Revenue": 386,
        "Gross Profit": 147,
        "Operating Income": 46,
        "EBIT": 68,
        "Net Income": 28
    },
    "2016-08-31": {
        "Diluted EPS": 1.74,
        "Total Revenue": 364,
        "Gross Profit": 141,
        "Operating Income": 57,
        "EBIT": 78,
        "Net Income": 35
    },
    "2016-05-31": {
        "Diluted EPS": 1.49,
        "Total Revenue": 368,
        "Gross Profit": 143,
        "Operating Income": 48,
        "EBIT": 68,
        "Net Income": 30
    },
    "2016-02-29": {
        "Diluted EPS": 1.16,
        "Total Revenue": 363,
        "Gross Profit": 133,
        "Operating Income": 38,
        "EBIT": 58,
        "Net Income": 23
    },
    "2015-11-30": {
        "Diluted EPS": 1.78,
        "Total Revenue": 373,
        "Gross Profit": 151,
        "Operating Income": 58,
        "EBIT": 78,
        "Net Income": 36
    },
    "2015-08-31": {
        "Diluted EPS": 1.43,
        "Total Revenue": 359,
        "Gross Profit": 140,
        "Operating Income": 46,
        "EBIT": 67,
        "Net Income": 29
    },
    "2015-05-31": {
        "Diluted EPS": 1.61,
        "Total Revenue": 366,
        "Gross Profit": 144,
        "Operating Income": 52,
        "EBIT": 71,
        "Net Income": 32
    },
    "2015-02-28": {
        "Diluted EPS": 1.26,
        "Total Revenue": 361,
        "Gross Profit": 138,
        "Operating Income": 42,
        "EBIT": 60,
        "Net Income": 25
    },
    "2014-11-30": {
        "Diluted EPS": 1.85,
        "Total Revenue": 370,
        "Gross Profit": 151,
        "Operating Income": 61,
        "EBIT": 79,
        "Net Income": 37
    },
    "2014-08-31": {
        "Diluted EPS": 1.44,
        "Total Revenue": 352,
        "Gross Profit": 134,
        "Operating Income": 47,
        "EBIT": 66,
        "Net Income": 29
    },
    "2014-05-31": {
        "Diluted EPS": 1.53,
        "Total Revenue": 352,
        "Gross Profit": 136,
        "Operating Income": 49,
        "EBIT": 68,
        "Net Income": 31
    },
    "2014-02-28": {
        "Diluted EPS": 1.27,
        "Total Revenue": 344,
        "Gross Profit": 128,
        "Operating Income": 41,
        "EBIT": 59,
        "Net Income": 26
    },
    "2013-11-30": {
        "Diluted EPS": 1.71,
        "Total Revenue": 347,
        "Gross Profit": 139,
        "Operating Income": 56,
        "EBIT": 73,
        "Net Income": 34
    },
    "2013-08-31": {
        "Diluted EPS": 1.51,
        "Total Revenue": 353,
        "Gross Profit": 135,
        "Operating Income": 48,
        "EBIT": 66,
        "Net Income": 31
    },
    "2013-05-31": {
        "Diluted EPS": 1.43,
        "Total Revenue": 336,
        "Gross Profit": 128,
        "Operating Income": 46,
        "EBIT": 63,
        "Net Income": 29
    },
    "2013-02-28": {
        "Diluted EPS": 1.33,
        "Total Revenue": 334,
        "Gross Profit": 126,
        "Operating Income": 43,
        "EBIT": 60,
        "Net Income": 27
    },
    "2012-11-30": {
        "Diluted EPS": 1.54,
        "Total Revenue": 333,
        "Gross Profit": 131,
        "Operating Income": 50,
        "EBIT": 67,
        "Net Income": 31
    },
    "2012-08-31": {
        "Diluted EPS": 1.13,
        "Total Revenue": 312,
        "Gross Profit": 113,
        "Operating Income": 35,
        "EBIT": 52,
        "Net Income": 23
    },
    "2012-05-31": {
        "Diluted EPS": 1.37,
        "Total Revenue": 321,
        "Gross Profit": 118,
        "Operating Income": 43,
        "EBIT": 59,
        "Net Income": 27
    },
    "2012-02-29": {
        "Diluted EPS": 0.96,
        "Total Revenue": 310,
        "Gross Profit": 109,
        "Operating Income": 31,
        "EBIT": 47,
        "Net Income": 19
    },
    "2011-11-30": {
        "Diluted EPS": 1.3,
        "Total Revenue": 313,
        "Gross Profit": 118,
        "Operating Income": 42,
        "EBIT": 59,
        "Net Income": 26
    },
    "2011-08-31": {
        "Diluted EPS": 0.9,
        "Total Revenue": 291,
        "Gross Profit": 103,
        "Operating Income": 28,
        "EBIT": 45,
        "Net Income": 18
    },
    "2011-05-31": {
        "Diluted EPS": 0.93,
        "Total Revenue": 292,
        "Gross Profit": 106,
        "Operating Income": 29,
        "EBIT": 46,
        "Net Income": 18
    },
    "2011-02-28": {
        "Diluted EPS": 0.82,
        "Total Revenue": 279,
        "Gross Profit": 102,
        "Operating Income": 28,
        "EBIT": 44,
        "Net Income": 16
    },
    "2010-11-30": {
        "Diluted EPS": 1.2,
        "Total Revenue": 273,
        "Gross Profit": 110,
        "Operating Income": 39,
        "EBIT": 55,
        "Net Income": 24
    },
    "2010-08-31": {
        "Diluted EPS": 0.88,
        "Total Revenue": 255,
        "Gross Profit": 99,
        "Operating Income": 29,
        "EBIT": 44,
        "Net Income": 17
    },
    "2010-05-31": {
        "Diluted EPS": 0.98,
        "Total Revenue": 261,
        "Gross Profit": 103,
        "Operating Income": 32,
        "EBIT": 48,
        "Net Income": 19
    },
    "2010-02-28": {
        "Diluted EPS": 0.83,
        "Total Revenue": 254,
        "Gross Profit": 97,
        "Operating Income": 29,
        "EBIT": 44,
        "Net Income": 16
    },
    "2009-11-30": {
        "Diluted EPS": 1.21,
        "Total Revenue": 256,
        "Gross Profit": 107,
        "Operating Income": 40,
        "EBIT": 56,
        "Net Income": 24
    },
    "2009-08-31": {
        "Diluted EPS": 0.89,
        "Total Revenue": 241,
        "Gross Profit": 96,
        "Operating Income": 29,
        "EBIT": 44,
        "Net Income": 17
    },
    "2009-05-31": {
        "Diluted EPS": 1.12,
        "Total Revenue": 252,
        "Gross Profit": 104,
        "Operating Income": 37,
        "EBIT": 51,
        "Net Income": 22
    },
    "2009-02-28": {
        "Diluted EPS": 0.94,
        "Total Revenue": 257,
        "Gross Profit": 98,
        "Operating Income": 34,
        "EBIT": 48,
        "Net Income": 18
    },
    "2023-08-31": {
        "Tax Effect Of Unusual Items": 0.0,
        "Tax Rate For Calcs": 0.242675,
        "Normalized EBITDA": 69196000.0,
        "Net Income From Continuing Operation Net Minority Interest": 27631000.0,
        "Reconciled Depreciation": 33118000.0,
        "Reconciled Cost Of Revenue": 378009000.0,
        "EBITDA": 69196000.0,
        "EBIT": 36078000.0,
        "Net Interest Income": 385000.0,
        "Interest Income": 385000.0,
        "Normalized Income": 27631000.0,
        "Net Income From Continuing And Discontinued Operation": 27631000.0,
        "Total Expenses": 535812000.0,
        "Total Operating Income As Reported": 36078000.0,
        "Diluted Average Shares": NaN,
        "Basic Average Shares": NaN,
        "Diluted EPS": NaN,
        "Basic EPS": NaN,
        "Diluted NI Availto Com Stockholders": 27631000.0,
        "Net Income Common Stockholders": 27631000.0,
        "Net Income": 27631000.0,
        "Net Income Including Noncontrolling Interests": 27631000.0,
        "Net Income Continuous Operations": 27631000.0,
        "Tax Provision": 8854000.0,
        "Pretax Income": 36485000.0,
        "Other Income Expense": 22000.0,
        "Other Non Operating Income Expenses": 22000.0,
        "Net Non Operating Interest Income Expense": 385000.0,
        "Interest Income Non Operating": 385000.0,
        "Operating Income": 36078000.0,
        "Operating Expense": 157803000.0,
        "Depreciation Amortization Depletion Income Statement": 33118000.0,
        "Depreciation And Amortization In Income Statement": 33118000.0,
        "Selling General And Administration": 124685000.0,
        "Gross Profit": 193881000.0,
        "Cost Of Revenue": 378009000.0,
        "Total Revenue": 571890000.0,
        "Operating Revenue": 571890000.0
    },
    "2023-11-30": {
        "Tax Effect Of Unusual Items": 0.0,
        "Tax Rate For Calcs": 0.234,
        "Normalized EBITDA": 86870000.0,
        "Net Income From Continuing Operation Net Minority Interest": 42325000.0,
        "Reconciled Depreciation": 33733000.0,
        "Reconciled Cost Of Revenue": 383796000.0,
        "EBITDA": 86870000.0,
        "EBIT": 53137000.0,
        "Net Interest Income": 2834000.0,
        "Interest Income": 2834000.0,
        "Normalized Income": 42325000.0,
        "Net Income From Continuing And Discontinued Operation": 42325000.0,
        "Total Expenses": 540388000.0,
        "Total Operating Income As Reported": 53137000.0,
        "Diluted Average Shares": 18769000.0,
        "Basic Average Shares": 18701000.0,
        "Diluted EPS": 2.26,
        "Basic EPS": 2.35,
        "Diluted NI Availto Com Stockholders": 42325000.0,
        "Net Income Common Stockholders": 42325000.0,
        "Net Income": 42325000.0,
        "Net Income Including Noncontrolling Interests": 42325000.0,
        "Net Income Continuous Operations": 42325000.0,
        "Tax Provision": 12930000.0,
        "Pretax Income": 55255000.0,
        "Other Income Expense": -716000.0,
        "Other Non Operating Income Expenses": -716000.0,
        "Net Non Operating Interest Income Expense": 2834000.0,
        "Interest Income Non Operating": 2834000.0,
        "Operating Income": 53137000.0,
        "Operating Expense": 156592000.0,
        "Depreciation Amortization Depletion Income Statement": 33733000.0,
        "Depreciation And Amortization In Income Statement": 33733000.0,
        "Selling General And Administration": 122859000.0,
        "Gross Profit": 209729000.0,
        "Cost Of Revenue": 383796000.0,
        "Total Revenue": 593525000.0,
        "Operating Revenue": 593525000.0
    },
    "2024-02-29": {
        "Tax Effect Of Unusual Items": 0.0,
        "Tax Rate For Calcs": 0.26196,
        "Normalized EBITDA": 63103000.0,
        "Net Income From Continuing Operation Net Minority Interest": 20457000.0,
        "Reconciled Depreciation": 35160000.0,
        "Reconciled Cost Of Revenue": 396191000.0,
        "EBITDA": 63103000.0,
        "EBIT": 27943000.0,
        "Net Interest Income": 350000.0,
        "Interest Income": 350000.0,
        "Normalized Income": 20457000.0,
        "Net Income From Continuing And Discontinued Operation": 20457000.0,
        "Total Expenses": 562768000.0,
        "Total Operating Income As Reported": 27943000.0,
        "Diluted Average Shares": 18754000.0,
        "Basic Average Shares": 18696000.0,
        "Diluted EPS": 1.09,
        "Basic EPS": 1.14,
        "Diluted NI Availto Com Stockholders": 20457000.0,
        "Net Income Common Stockholders": 20457000.0,
        "Net Income": 20457000.0,
        "Net Income Including Noncontrolling Interests": 20457000.0,
        "Net Income Continuous Operations": 20457000.0,
        "Tax Provision": 7261000.0,
        "Pretax Income": 27718000.0,
        "Other Income Expense": -575000.0,
        "Other Non Operating Income Expenses": -575000.0,
        "Net Non Operating Interest Income Expense": 350000.0,
        "Interest Income Non Operating": 350000.0,
        "Operating Income": 27943000.0,
        "Operating Expense": 166577000.0,
        "Depreciation Amortization Depletion Income Statement": 35160000.0,
        "Depreciation And Amortization In Income Statement": 35160000.0,
        "Selling General And Administration": 131417000.0,
        "Gross Profit": 194520000.0,
        "Cost Of Revenue": 396191000.0,
        "Total Revenue": 590711000.0,
        "Operating Revenue": 590711000.0
    }
}