{
    "2023-06-30": {
        "Tax Effect Of Unusual Items": 0.0,
        "Tax Rate For Calcs": 0.26,
        "Net Income From Continuing Operation Net Minority Interest": 9700000.0,
        "Reconciled Depreciation": 1397000.0,
        "Net Interest Income": 23522000.0,
        "Interest Expense": 11870000.0,
        "Interest Income": 35392000.0,
        "Normalized Income": 9700000.0,
        "Net Income From Continuing And Discontinued Operation": 9700000.0,
        "Diluted Average Shares": 10203000.0,
        "Basic Average Shares": 10103000.0,
        "Diluted EPS": 0.95,
        "Basic EPS": 0.96,
        "Diluted NI Availto Com Stockholders": 9700000.0,
        "Net Income Common Stockholders": 9700000.0,
        "Net Income": 9700000.0,
        "Net Income Including Noncontrolling Interests": 9700000.0,
        "Net Income Continuous Operations": 9700000.0,
        "Tax Provision": 3409000.0,
        "Pretax Income": 13109000.0,
        "Gain On Sale Of Security": -164000.0,
        "Selling General And Administration": 8534000.0,
        "Selling And Marketing Expense": 443000.0,
        "General And Administrative Expense": 8091000.0,
        "Other Gand A": NaN,
        "Insurance And Claims": 617000.0,
        "Salaries And Wages": 7474000.0,
        "Total Revenue": 25507000.0,
        "Operating Revenue": 25507000.0,
        "Occupancy And Equipment": 1469000.0,
        "Professional Expense And Contract Services Expense": 296000.0,
        "Other Non Interest Expense": 1406000.0
    },
    "2023-03-31": {
        "Tax Effect Of Unusual Items": NaN,
        "Tax Rate For Calcs": NaN,
        "Net Income From Continuing Operation Net Minority Interest": NaN,
        "Reconciled Depreciation": NaN,
        "Net Interest Income": NaN,
        "Interest Expense": NaN,
        "Interest Income": NaN,
        "Normalized Income": NaN,
        "Net Income From Continuing And Discontinued Operation": NaN,
        "Diluted Average Shares": NaN,
        "Basic Average Shares": NaN,
        "Diluted EPS": NaN,
        "Basic EPS": NaN,
        "Diluted NI Availto Com Stockholders": NaN,
        "Net Income Common Stockholders": NaN,
        "Net Income": NaN,
        "Net Income Including Noncontrolling Interests": NaN,
        "Net Income Continuous Operations": NaN,
        "Tax Provision": NaN,
        "Pretax Income": NaN,
        "Gain On Sale Of Security": NaN,
        "Selling General And Administration": NaN,
        "Selling And Marketing Expense": NaN,
        "General And Administrative Expense": NaN,
        "Other Gand A": 804000.0,
        "Insurance And Claims": NaN,
        "Salaries And Wages": NaN,
        "Total Revenue": NaN,
        "Operating Revenue": NaN,
        "Occupancy And Equipment": NaN,
        "Professional Expense And Contract Services Expense": NaN,
        "Other Non Interest Expense": NaN
    },
    "2022-12-31": {
        "Tax Effect Of Unusual Items": 0.0,
        "Tax Rate For Calcs": 0.26982,
        "Net Income From Continuing Operation Net Minority Interest": 9956000.0,
        "Reconciled Depreciation": 644000.0,
        "Net Interest Income": 24710000.0,
        "Interest Expense": 5616000.0,
        "Interest Income": 30326000.0,
        "Normalized Income": 9956000.0,
        "Net Income From Continuing And Discontinued Operation": 9956000.0,
        "Diluted Average Shares": 10740000.0,
        "Basic Average Shares": 10557000.0,
        "Diluted EPS": 0.93,
        "Basic EPS": 0.94,
        "Diluted NI Availto Com Stockholders": 9956000.0,
        "Net Income Common Stockholders": 9956000.0,
        "Net Income": 9956000.0,
        "Net Income Including Noncontrolling Interests": 9956000.0,
        "Net Income Continuous Operations": 9956000.0,
        "Tax Provision": 3679000.0,
        "Pretax Income": 13635000.0,
        "Gain On Sale Of Security": 318000.0,
        "Selling General And Administration": 7986000.0,
        "Selling And Marketing Expense": 339000.0,
        "General And Administrative Expense": 7647000.0,
        "Other Gand A": NaN,
        "Insurance And Claims": 270000.0,
        "Salaries And Wages": 7377000.0,
        "Total Revenue": 26514000.0,
        "Operating Revenue": 26514000.0
    },
    "2022-09-30": {
        "Tax Effect Of Unusual Items": NaN,
        "Tax Rate For Calcs": NaN,
        "Net Income From Continuing Operation Net Minority Interest": NaN,
        "Reconciled Depreciation": NaN,
        "Net Interest Income": NaN,
        "Interest Expense": NaN,
        "Interest Income": NaN,
        "Normalized Income": NaN,
        "Net Income From Continuing And Discontinued Operation": NaN,
        "Diluted Average Shares": NaN,
        "Basic Average Shares": NaN,
        "Diluted EPS": NaN,
        "Basic EPS": NaN,
        "Diluted NI Availto Com Stockholders": NaN,
        "Net Income Common Stockholders": NaN,
        "Net Income": NaN,
        "Net Income Including Noncontrolling Interests": NaN,
        "Net Income Continuous Operations": NaN,
        "Tax Provision": NaN,
        "Pretax Income": NaN,
        "Gain On Sale Of Security": NaN,
        "Selling General And Administration": NaN,
        "Selling And Marketing Expense": NaN,
        "General And Administrative Expense": NaN,
        "Other Gand A": 708000.0,
        "Insurance And Claims": NaN,
        "Salaries And Wages": NaN,
        "Total Revenue": NaN,
        "Operating Revenue": NaN
    },
    "2022-06-30": {
        "Tax Effect Of Unusual Items": 0.0,
        "Tax Rate For Calcs": 0.25,
        "Net Income From Continuing Operation Net Minority Interest": 9451000.0,
        "Reconciled Depreciation": 965000.0,
        "Net Interest Income": 21757000.0,
        "Interest Expense": 1314000.0,
        "Interest Income": 23071000.0,
        "Normalized Income": 9451000.0,
        "Net Income From Continuing And Discontinued Operation": 9451000.0,
        "Diluted Average Shares": 10706000.0,
        "Basic Average Shares": 10504000.0,
        "Diluted EPS": 0.88,
        "Basic EPS": 0.9,
        "Diluted NI Availto Com Stockholders": 9451000.0,
        "Net Income Common Stockholders": 9451000.0,
        "Net Income": 9451000.0,
        "Net Income Including Noncontrolling Interests": 9451000.0,
        "Net Income Continuous Operations": 9451000.0,
        "Tax Provision": 3156000.0,
        "Pretax Income": 12607000.0,
        "Gain On Sale Of Security": -498000.0,
        "Selling General And Administration": 7626000.0,
        "Selling And Marketing Expense": 340000.0,
        "General And Administrative Expense": 7286000.0,
        "Other Gand A": 706000.0,
        "Insurance And Claims": 250000.0,
        "Salaries And Wages": 7036000.0,
        "Total Revenue": 24475000.0,
        "Operating Revenue": 24475000.0
    },
    "2022-03-31": {
        "Diluted EPS": 0.85,
        "Total Revenue": 23,
        "Gross Profit": 22,
        "Operating Income": 12,
        "EBIT": NaN,
        "Net Income": 9
    },
    "2021-12-31": {
        "Diluted EPS": 0.93,
        "Total Revenue": 25,
        "Gross Profit": 23,
        "Operating Income": 13,
        "EBIT": NaN,
        "Net Income": 10
    },
    "2021-09-30": {
        "Diluted EPS": 0.9,
        "Total Revenue": 24,
        "Gross Profit": 23,
        "Operating Income": 13,
        "EBIT": NaN,
        "Net Income": 9
    },
    "2021-06-30": {
        "Diluted EPS": 0.8,
        "Total Revenue": 24,
        "Gross Profit": 21,
        "Operating Income": 11,
        "EBIT": NaN,
        "Net Income": 8
    },
    "2021-03-31": {
        "Diluted EPS": 0.8,
        "Total Revenue": 24,
        "Gross Profit": 22,
        "Operating Income": 11,
        "EBIT": NaN,
        "Net Income": 8
    },
    "2020-12-31": {
        "Diluted EPS": 0.69,
        "Total Revenue": 25,
        "Gross Profit": 22,
        "Operating Income": 10,
        "EBIT": NaN,
        "Net Income": 7
    },
    "2020-09-30": {
        "Diluted EPS": 0.54,
        "Total Revenue": 23,
        "Gross Profit": 20,
        "Operating Income": 8,
        "EBIT": NaN,
        "Net Income": 6
    },
    "2020-06-30": {
        "Diluted EPS": 0.47,
        "Total Revenue": 22,
        "Gross Profit": 18,
        "Operating Income": 7,
        "EBIT": NaN,
        "Net Income": 5
    },
    "2020-03-31": {
        "Diluted EPS": 0.49,
        "Total Revenue": 22,
        "Gross Profit": 18,
        "Operating Income": 7,
        "EBIT": NaN,
        "Net Income": 5
    },
    "2019-12-31": {
        "Diluted EPS": 0.55,
        "Total Revenue": 22,
        "Gross Profit": 17,
        "Operating Income": 8,
        "EBIT": NaN,
        "Net Income": 6
    },
    "2019-09-30": {
        "Diluted EPS": 0.54,
        "Total Revenue": 22,
        "Gross Profit": 17,
        "Operating Income": 8,
        "EBIT": NaN,
        "Net Income": 6
    },
    "2019-06-30": {
        "Diluted EPS": 0.53,
        "Total Revenue": 21,
        "Gross Profit": 17,
        "Operating Income": 7,
        "EBIT": NaN,
        "Net Income": 6
    },
    "2019-03-31": {
        "Diluted EPS": 0.52,
        "Total Revenue": 21,
        "Gross Profit": 16,
        "Operating Income": 7,
        "EBIT": NaN,
        "Net Income": 6
    },
    "2018-12-31": {
        "Diluted EPS": 0.54,
        "Total Revenue": 20,
        "Gross Profit": 16,
        "Operating Income": 7,
        "EBIT": NaN,
        "Net Income": 6
    },
    "2018-09-30": {
        "Diluted EPS": 0.5,
        "Total Revenue": 20,
        "Gross Profit": 16,
        "Operating Income": 7,
        "EBIT": NaN,
        "Net Income": 5
    },
    "2018-06-30": {
        "Diluted EPS": 0.49,
        "Total Revenue": 19,
        "Gross Profit": 15,
        "Operating Income": 7,
        "EBIT": NaN,
        "Net Income": 5
    },
    "2018-03-31": {
        "Diluted EPS": 0.48,
        "Total Revenue": 18,
        "Gross Profit": 15,
        "Operating Income": 6,
        "EBIT": NaN,
        "Net Income": 5
    },
    "2017-12-31": {
        "Diluted EPS": 0.23,
        "Total Revenue": 17,
        "Gross Profit": 15,
        "Operating Income": 6,
        "EBIT": NaN,
        "Net Income": 3
    },
    "2017-09-30": {
        "Diluted EPS": 0.35,
        "Total Revenue": 16,
        "Gross Profit": 14,
        "Operating Income": 6,
        "EBIT": NaN,
        "Net Income": 4
    },
    "2017-06-30": {
        "Diluted EPS": 0.32,
        "Total Revenue": 15,
        "Gross Profit": 13,
        "Operating Income": 5,
        "EBIT": NaN,
        "Net Income": 3
    },
    "2017-03-31": {
        "Diluted EPS": 0.3,
        "Total Revenue": 15,
        "Gross Profit": 13,
        "Operating Income": 5,
        "EBIT": NaN,
        "Net Income": 3
    },
    "2016-12-31": {
        "Diluted EPS": 0.32,
        "Total Revenue": 15,
        "Gross Profit": 12,
        "Operating Income": 5,
        "EBIT": NaN,
        "Net Income": 3
    },
    "2016-09-30": {
        "Diluted EPS": 0.32,
        "Total Revenue": 14,
        "Gross Profit": 12,
        "Operating Income": 5,
        "EBIT": NaN,
        "Net Income": 3
    },
    "2016-06-30": {
        "Diluted EPS": 0.3,
        "Total Revenue": 14,
        "Gross Profit": 12,
        "Operating Income": 4,
        "EBIT": NaN,
        "Net Income": 3
    },
    "2016-03-31": {
        "Diluted EPS": 0.44,
        "Total Revenue": 15,
        "Gross Profit": 13,
        "Operating Income": 6,
        "EBIT": NaN,
        "Net Income": 4
    },
    "2015-12-31": {
        "Diluted EPS": 0.29,
        "Total Revenue": 13,
        "Gross Profit": 11,
        "Operating Income": 4,
        "EBIT": NaN,
        "Net Income": 3
    },
    "2015-09-30": {
        "Diluted EPS": 0.27,
        "Total Revenue": 13,
        "Gross Profit": 11,
        "Operating Income": 4,
        "EBIT": NaN,
        "Net Income": 3
    },
    "2015-06-30": {
        "Diluted EPS": 0.26,
        "Total Revenue": 12,
        "Gross Profit": 10,
        "Operating Income": 4,
        "EBIT": NaN,
        "Net Income": 2
    },
    "2015-03-31": {
        "Diluted EPS": 0.21,
        "Total Revenue": 12,
        "Gross Profit": 10,
        "Operating Income": 3,
        "EBIT": NaN,
        "Net Income": 2
    },
    "2014-12-31": {
        "Diluted EPS": 0.18,
        "Total Revenue": 11,
        "Gross Profit": 10,
        "Operating Income": 3,
        "EBIT": NaN,
        "Net Income": 2
    },
    "2014-09-30": {
        "Diluted EPS": 0.22,
        "Total Revenue": 11,
        "Gross Profit": 9,
        "Operating Income": 3,
        "EBIT": NaN,
        "Net Income": 2
    },
    "2014-06-30": {
        "Diluted EPS": 0.18,
        "Total Revenue": 11,
        "Gross Profit": 9,
        "Operating Income": 2,
        "EBIT": NaN,
        "Net Income": 2
    },
    "2014-03-31": {
        "Diluted EPS": 0.16,
        "Total Revenue": 11,
        "Gross Profit": 9,
        "Operating Income": 2,
        "EBIT": NaN,
        "Net Income": 1
    },
    "2013-12-31": {
        "Diluted EPS": 0.16,
        "Total Revenue": 10,
        "Gross Profit": 9,
        "Operating Income": 2,
        "EBIT": NaN,
        "Net Income": 1
    },
    "2013-09-30": {
        "Diluted EPS": 0.14,
        "Total Revenue": 10,
        "Gross Profit": 9,
        "Operating Income": 2,
        "EBIT": NaN,
        "Net Income": 1
    },
    "2013-06-30": {
        "Diluted EPS": 0.1,
        "Total Revenue": 10,
        "Gross Profit": 8,
        "Operating Income": 2,
        "EBIT": NaN,
        "Net Income": 1
    },
    "2013-03-31": {
        "Diluted EPS": 0.09,
        "Total Revenue": 10,
        "Gross Profit": 9,
        "Operating Income": 2,
        "EBIT": NaN,
        "Net Income": 1
    },
    "2012-12-31": {
        "Diluted EPS": 0.09,
        "Total Revenue": 11,
        "Gross Profit": 9,
        "Operating Income": 2,
        "EBIT": NaN,
        "Net Income": 1
    },
    "2012-09-30": {
        "Diluted EPS": 0.09,
        "Total Revenue": 11,
        "Gross Profit": 9,
        "Operating Income": 2,
        "EBIT": NaN,
        "Net Income": 1
    },
    "2012-06-30": {
        "Diluted EPS": 0.06,
        "Total Revenue": 11,
        "Gross Profit": 9,
        "Operating Income": 1,
        "EBIT": NaN,
        "Net Income": 1
    },
    "2012-03-31": {
        "Diluted EPS": 0.06,
        "Total Revenue": 11,
        "Gross Profit": 9,
        "Operating Income": 1,
        "EBIT": NaN,
        "Net Income": 1
    },
    "2011-12-31": {
        "Diluted EPS": 0.03,
        "Total Revenue": 10,
        "Gross Profit": 8,
        "Operating Income": 1,
        "EBIT": NaN,
        "Net Income": 0
    },
    "2011-09-30": {
        "Diluted EPS": 0.08,
        "Total Revenue": 12,
        "Gross Profit": 9,
        "Operating Income": 2,
        "EBIT": NaN,
        "Net Income": 1
    },
    "2011-06-30": {
        "Diluted EPS": 0.03,
        "Total Revenue": 12,
        "Gross Profit": 9,
        "Operating Income": 1,
        "EBIT": NaN,
        "Net Income": 0
    },
    "2011-03-31": {
        "Diluted EPS": -0.02,
        "Total Revenue": 11,
        "Gross Profit": 9,
        "Operating Income": 0,
        "EBIT": NaN,
        "Net Income": 0
    },
    "2010-12-31": {
        "Diluted EPS": -0.04,
        "Total Revenue": 12,
        "Gross Profit": 9,
        "Operating Income": 0,
        "EBIT": NaN,
        "Net Income": 0
    },
    "2010-09-30": {
        "Diluted EPS": 0.05,
        "Total Revenue": 12,
        "Gross Profit": 9,
        "Operating Income": 1,
        "EBIT": NaN,
        "Net Income": 0
    },
    "2010-06-30": {
        "Diluted EPS": 0.04,
        "Total Revenue": 12,
        "Gross Profit": 8,
        "Operating Income": 1,
        "EBIT": NaN,
        "Net Income": 0
    },
    "2010-03-31": {
        "Diluted EPS": 0.05,
        "Total Revenue": 12,
        "Gross Profit": 8,
        "Operating Income": 1,
        "EBIT": NaN,
        "Net Income": 0
    },
    "2009-12-31": {
        "Diluted EPS": -0.03,
        "Total Revenue": 13,
        "Gross Profit": 8,
        "Operating Income": 0,
        "EBIT": NaN,
        "Net Income": 0
    },
    "2009-09-30": {
        "Diluted EPS": -0.15,
        "Total Revenue": 13,
        "Gross Profit": 8,
        "Operating Income": -1,
        "EBIT": NaN,
        "Net Income": -1
    },
    "2009-06-30": {
        "Diluted EPS": -0.2,
        "Total Revenue": 12,
        "Gross Profit": 6,
        "Operating Income": -2,
        "EBIT": NaN,
        "Net Income": -2
    },
    "2009-03-31": {
        "Diluted EPS": 0.05,
        "Total Revenue": 14,
        "Gross Profit": 8,
        "Operating Income": 1,
        "EBIT": NaN,
        "Net Income": 0
    },
    "2023-09-30": {
        "Tax Effect Of Unusual Items": 0.0,
        "Tax Rate For Calcs": 0.237,
        "Net Income From Continuing Operation Net Minority Interest": 9950000.0,
        "Reconciled Depreciation": 1419000.0,
        "Net Interest Income": 23533000.0,
        "Interest Expense": 13457000.0,
        "Interest Income": 36990000.0,
        "Normalized Income": 9950000.0,
        "Net Income From Continuing And Discontinued Operation": 9950000.0,
        "Diluted Average Shares": 10258000.0,
        "Basic Average Shares": 10128000.0,
        "Diluted EPS": 0.97,
        "Basic EPS": 0.98,
        "Diluted NI Availto Com Stockholders": 9950000.0,
        "Net Income Common Stockholders": 9950000.0,
        "Net Income": 9950000.0,
        "Net Income Including Noncontrolling Interests": 9950000.0,
        "Net Income Continuous Operations": 9950000.0,
        "Tax Provision": 3097000.0,
        "Pretax Income": 13047000.0,
        "Gain On Sale Of Security": -123000.0,
        "Selling General And Administration": 8451000.0,
        "Selling And Marketing Expense": 405000.0,
        "General And Administrative Expense": 8046000.0,
        "Other Gand A": NaN,
        "Insurance And Claims": 397000.0,
        "Salaries And Wages": 7649000.0,
        "Total Revenue": 25361000.0,
        "Operating Revenue": 25361000.0,
        "Occupancy And Equipment": 1408000.0,
        "Professional Expense And Contract Services Expense": 348000.0,
        "Other Non Interest Expense": 1551000.0
    },
    "2023-12-31": {
        "Tax Effect Of Unusual Items": 0.0,
        "Tax Rate For Calcs": 0.251284,
        "Net Income From Continuing Operation Net Minority Interest": 9770000.0,
        "Reconciled Depreciation": 305000.0,
        "Net Interest Income": 24033000.0,
        "Interest Expense": 13727000.0,
        "Interest Income": 37760000.0,
        "Normalized Income": 9770000.0,
        "Net Income From Continuing And Discontinued Operation": 9770000.0,
        "Diluted Average Shares": 10209000.0,
        "Basic Average Shares": 10066000.0,
        "Diluted EPS": 0.96,
        "Basic EPS": 0.97,
        "Diluted NI Availto Com Stockholders": 9770000.0,
        "Net Income Common Stockholders": 9770000.0,
        "Net Income": 9770000.0,
        "Net Income Including Noncontrolling Interests": 9770000.0,
        "Net Income Continuous Operations": 9770000.0,
        "Tax Provision": 3279000.0,
        "Pretax Income": 13049000.0,
        "Gain On Sale Of Security": 617000.0,
        "Selling General And Administration": 8149000.0,
        "Selling And Marketing Expense": 328000.0,
        "General And Administrative Expense": 7821000.0,
        "Other Gand A": NaN,
        "Insurance And Claims": 353000.0,
        "Salaries And Wages": 7468000.0,
        "Total Revenue": 26202000.0,
        "Operating Revenue": 26202000.0,
        "Occupancy And Equipment": 1531000.0,
        "Professional Expense And Contract Services Expense": 492000.0,
        "Other Non Interest Expense": 1232000.0
    },
    "2024-03-31": {
        "Tax Effect Of Unusual Items": 0.0,
        "Tax Rate For Calcs": 0.25,
        "Net Income From Continuing Operation Net Minority Interest": 9586000.0,
        "Reconciled Depreciation": 554000.0,
        "Net Interest Income": 23841000.0,
        "Interest Expense": 14096000.0,
        "Interest Income": 37937000.0,
        "Normalized Income": 9586000.0,
        "Net Income From Continuing And Discontinued Operation": 9586000.0,
        "Diluted Average Shares": 10276000.0,
        "Basic Average Shares": 10127000.0,
        "Diluted EPS": 0.93,
        "Basic EPS": 0.95,
        "Diluted NI Availto Com Stockholders": 9586000.0,
        "Net Income Common Stockholders": 9586000.0,
        "Net Income": 9586000.0,
        "Net Income Including Noncontrolling Interests": 9586000.0,
        "Net Income Continuous Operations": 9586000.0,
        "Tax Provision": 3198000.0,
        "Pretax Income": 12784000.0,
        "Gain On Sale Of Security": 54000.0,
        "Selling General And Administration": 8343000.0,
        "Selling And Marketing Expense": 400000.0,
        "General And Administrative Expense": 7943000.0,
        "Other Gand A": NaN,
        "Insurance And Claims": 339000.0,
        "Salaries And Wages": 7604000.0,
        "Total Revenue": 25175000.0,
        "Operating Revenue": 25175000.0,
        "Occupancy And Equipment": 1482000.0,
        "Professional Expense And Contract Services Expense": 436000.0,
        "Other Non Interest Expense": 1487000.0
    },
    "2024-06-30": {
        "Tax Effect Of Unusual Items": 0.0,
        "Tax Rate For Calcs": 0.247,
        "Net Income From Continuing Operation Net Minority Interest": 9454000.0,
        "Reconciled Depreciation": 210000.0,
        "Net Interest Income": 23424000.0,
        "Interest Expense": 14563000.0,
        "Interest Income": 37987000.0,
        "Normalized Income": 9454000.0,
        "Net Income From Continuing And Discontinued Operation": 9454000.0,
        "Diluted Average Shares": 10149000.0,
        "Basic Average Shares": 10016000.0,
        "Diluted EPS": 0.93,
        "Basic EPS": 0.94,
        "Diluted NI Availto Com Stockholders": 9454000.0,
        "Net Income Common Stockholders": 9454000.0,
        "Net Income": 9454000.0,
        "Net Income Including Noncontrolling Interests": 9454000.0,
        "Net Income Continuous Operations": 9454000.0,
        "Tax Provision": 3098000.0,
        "Pretax Income": 12552000.0,
        "Gain On Sale Of Security": 20000.0,
        "Selling General And Administration": 8070000.0,
        "Selling And Marketing Expense": 397000.0,
        "General And Administrative Expense": 7673000.0,
        "Other Gand A": NaN,
        "Insurance And Claims": 321000.0,
        "Salaries And Wages": 7352000.0,
        "Total Revenue": 25106000.0,
        "Operating Revenue": 25106000.0,
        "Occupancy And Equipment": 1634000.0,
        "Professional Expense And Contract Services Expense": 405000.0,
        "Other Non Interest Expense": 1520000.0
    },
    "2024-09-30": {
        "Tax Effect Of Unusual Items": 0.0,
        "Tax Rate For Calcs": 0.251,
        "Net Income From Continuing Operation Net Minority Interest": 10905000.0,
        "Reconciled Depreciation": 968000.0,
        "Net Interest Income": 24856000.0,
        "Interest Expense": 14694000.0,
        "Interest Income": 39550000.0,
        "Normalized Income": 10905000.0,
        "Net Income From Continuing And Discontinued Operation": 10905000.0,
        "Diluted Average Shares": 10148000.0,
        "Basic Average Shares": 9978000.0,
        "Diluted EPS": 1.07,
        "Basic EPS": 1.09,
        "Diluted NI Availto Com Stockholders": 10905000.0,
        "Net Income Common Stockholders": 10905000.0,
        "Net Income": 10905000.0,
        "Net Income Including Noncontrolling Interests": 10905000.0,
        "Net Income Continuous Operations": 10905000.0,
        "Tax Provision": 3662000.0,
        "Pretax Income": 14567000.0,
        "Gain On Sale Of Security": 499000.0,
        "Selling General And Administration": 8216000.0,
        "Selling And Marketing Expense": 465000.0,
        "General And Administrative Expense": 7751000.0,
        "Other Gand A": NaN,
        "Insurance And Claims": 245000.0,
        "Salaries And Wages": 7506000.0,
        "Total Revenue": 27436000.0,
        "Operating Revenue": 27436000.0,
        "Occupancy And Equipment": 1584000.0,
        "Professional Expense And Contract Services Expense": 326000.0,
        "Other Non Interest Expense": 1663000.0
    }
}