{
    "2023-03-31": {
        "Tax Effect Of Unusual Items": 0.0,
        "Tax Rate For Calcs": 0.21,
        "Normalized EBITDA": 284856000.0,
        "Net Income From Continuing Operation Net Minority Interest": 47330000.0,
        "Reconciled Depreciation": 319549000.0,
        "Reconciled Cost Of Revenue": 203129000.0,
        "EBITDA": 284856000.0,
        "EBIT": -34693000.0,
        "Net Interest Income": -27680000.0,
        "Interest Expense": 28100000.0,
        "Interest Income": 420000.0,
        "Normalized Income": 47330000.0,
        "Net Income From Continuing And Discontinued Operation": 47330000.0,
        "Total Expenses": 1051174000.0,
        "Total Operating Income As Reported": -35113000.0,
        "Diluted Average Shares": 56437000.0,
        "Basic Average Shares": 55157000.0,
        "Diluted EPS": 0.84,
        "Basic EPS": 0.86,
        "Diluted NI Availto Com Stockholders": 47330000.0,
        "Net Income Common Stockholders": 47330000.0,
        "Net Income": 47330000.0,
        "Net Income Including Noncontrolling Interests": 47330000.0,
        "Net Income Continuous Operations": 47330000.0,
        "Tax Provision": -110123000.0,
        "Pretax Income": -62793000.0,
        "Net Non Operating Interest Income Expense": -27680000.0,
        "Interest Expense Non Operating": 28100000.0,
        "Interest Income Non Operating": 420000.0,
        "Operating Income": -35113000.0,
        "Operating Expense": 541377000.0,
        "Other Operating Expenses": 324281000.0,
        "Depreciation Amortization Depletion Income Statement": 12881000.0,
        "Depreciation And Amortization In Income Statement": 12881000.0,
        "Selling General And Administration": 204215000.0,
        "General And Administrative Expense": 204215000.0,
        "Other Gand A": 47726000.0,
        "Salaries And Wages": 156489000.0,
        "Gross Profit": 506264000.0,
        "Cost Of Revenue": 509797000.0,
        "Total Revenue": 1016061000.0,
        "Operating Revenue": 1016061000.0
    },
    "2022-12-31": {
        "Tax Effect Of Unusual Items": NaN,
        "Tax Rate For Calcs": NaN,
        "Normalized EBITDA": NaN,
        "Net Income From Continuing Operation Net Minority Interest": NaN,
        "Reconciled Depreciation": NaN,
        "Reconciled Cost Of Revenue": NaN,
        "EBITDA": NaN,
        "EBIT": NaN,
        "Net Interest Income": NaN,
        "Interest Expense": NaN,
        "Interest Income": NaN,
        "Normalized Income": NaN,
        "Net Income From Continuing And Discontinued Operation": NaN,
        "Total Expenses": NaN,
        "Total Operating Income As Reported": NaN,
        "Diluted Average Shares": 56468000.0,
        "Basic Average Shares": 52271000.0,
        "Diluted EPS": 0.05,
        "Basic EPS": 0.05,
        "Diluted NI Availto Com Stockholders": NaN,
        "Net Income Common Stockholders": NaN,
        "Net Income": NaN,
        "Net Income Including Noncontrolling Interests": NaN,
        "Net Income Continuous Operations": NaN,
        "Tax Provision": NaN,
        "Pretax Income": NaN,
        "Net Non Operating Interest Income Expense": NaN,
        "Interest Expense Non Operating": NaN,
        "Interest Income Non Operating": NaN,
        "Operating Income": NaN,
        "Operating Expense": NaN,
        "Other Operating Expenses": NaN,
        "Depreciation Amortization Depletion Income Statement": NaN,
        "Depreciation And Amortization In Income Statement": NaN,
        "Selling General And Administration": NaN,
        "General And Administrative Expense": NaN,
        "Other Gand A": NaN,
        "Salaries And Wages": NaN,
        "Gross Profit": NaN,
        "Cost Of Revenue": NaN,
        "Total Revenue": NaN,
        "Operating Revenue": NaN
    },
    "2022-09-30": {
        "Tax Effect Of Unusual Items": 0.0,
        "Tax Rate For Calcs": 0.21,
        "Normalized EBITDA": 50091000.0,
        "Total Unusual Items": NaN,
        "Total Unusual Items Excluding Goodwill": NaN,
        "Net Income From Continuing Operation Net Minority Interest": -5778000.0,
        "Reconciled Depreciation": 12798000.0,
        "Reconciled Cost Of Revenue": 518422000.0,
        "EBITDA": 50091000.0,
        "EBIT": 37293000.0,
        "Net Interest Income": -22744000.0,
        "Interest Expense": 22960000.0,
        "Interest Income": 216000.0,
        "Normalized Income": -5778000.0,
        "Net Income From Continuing And Discontinued Operation": -5778000.0,
        "Total Expenses": 986880000.0,
        "Total Operating Income As Reported": 37077000.0,
        "Diluted Average Shares": 55380000.0,
        "Basic Average Shares": 55380000.0,
        "Diluted EPS": -0.1,
        "Basic EPS": -0.1,
        "Diluted NI Availto Com Stockholders": -5778000.0,
        "Net Income Common Stockholders": -5778000.0,
        "Net Income": -5778000.0,
        "Net Income Including Noncontrolling Interests": -5778000.0,
        "Net Income Continuous Operations": -5778000.0,
        "Tax Provision": 20111000.0,
        "Pretax Income": 14333000.0,
        "Other Income Expense": NaN,
        "Special Income Charges": NaN,
        "Other Special Charges": NaN,
        "Net Non Operating Interest Income Expense": -22744000.0,
        "Interest Expense Non Operating": 22960000.0,
        "Interest Income Non Operating": 216000.0,
        "Operating Income": 37077000.0,
        "Operating Expense": 468458000.0,
        "Other Operating Expenses": 259466000.0,
        "Depreciation Amortization Depletion Income Statement": 12798000.0,
        "Depreciation And Amortization In Income Statement": 12798000.0,
        "Selling General And Administration": 196194000.0,
        "General And Administrative Expense": 196194000.0,
        "Other Gand A": 40002000.0,
        "Salaries And Wages": 156192000.0,
        "Gross Profit": 505535000.0,
        "Cost Of Revenue": 518422000.0,
        "Total Revenue": 1023957000.0,
        "Operating Revenue": 1023957000.0
    },
    "2022-06-30": {
        "Tax Effect Of Unusual Items": 0.0,
        "Tax Rate For Calcs": 0.4,
        "Normalized EBITDA": 71053000.0,
        "Net Income From Continuing Operation Net Minority Interest": 19725000.0,
        "Reconciled Depreciation": 12880000.0,
        "Reconciled Cost Of Revenue": 538711000.0,
        "EBITDA": 71053000.0,
        "EBIT": 58173000.0,
        "Net Interest Income": -18997000.0,
        "Interest Expense": 19089000.0,
        "Interest Income": 92000.0,
        "Normalized Income": 19725000.0,
        "Net Income From Continuing And Discontinued Operation": 19725000.0,
        "Total Expenses": 1013174000.0,
        "Total Operating Income As Reported": 58081000.0,
        "Diluted Average Shares": 59672000.0,
        "Basic Average Shares": 53998000.0,
        "Diluted EPS": 0.33,
        "Basic EPS": 0.37,
        "Diluted NI Availto Com Stockholders": 19725000.0,
        "Net Income Common Stockholders": 19725000.0,
        "Net Income": 19725000.0,
        "Net Income Including Noncontrolling Interests": 19725000.0,
        "Net Income Continuous Operations": 19725000.0,
        "Tax Provision": 19359000.0,
        "Pretax Income": 39084000.0,
        "Net Non Operating Interest Income Expense": -18997000.0,
        "Interest Expense Non Operating": 19089000.0,
        "Interest Income Non Operating": 92000.0,
        "Operating Income": 58081000.0,
        "Operating Expense": 474463000.0,
        "Other Operating Expenses": 252759000.0,
        "Depreciation Amortization Depletion Income Statement": 12880000.0,
        "Depreciation And Amortization In Income Statement": 12880000.0,
        "Selling General And Administration": 208824000.0,
        "General And Administrative Expense": 208824000.0,
        "Other Gand A": 44868000.0,
        "Salaries And Wages": 163956000.0,
        "Gross Profit": 532544000.0,
        "Cost Of Revenue": 538711000.0,
        "Total Revenue": 1071255000.0,
        "Operating Revenue": 1071255000.0
    },
    "2023-06-30": {
        "Tax Effect Of Unusual Items": 0.0,
        "Tax Rate For Calcs": 0.21,
        "Normalized EBITDA": 398519000.0,
        "Net Income From Continuing Operation Net Minority Interest": -45618000.0,
        "Reconciled Depreciation": 313473000.0,
        "Reconciled Cost Of Revenue": 172061000.0,
        "EBITDA": 398519000.0,
        "EBIT": 85046000.0,
        "Net Interest Income": -27231000.0,
        "Interest Expense": 28246000.0,
        "Interest Income": 1015000.0,
        "Normalized Income": -45618000.0,
        "Net Income From Continuing And Discontinued Operation": -45618000.0,
        "Total Expenses": 895132000.0,
        "Total Operating Income As Reported": 84031000.0,
        "Diluted Average Shares": 55242000.0,
        "Basic Average Shares": 55242000.0,
        "Diluted EPS": -0.83,
        "Basic EPS": -0.83,
        "Diluted NI Availto Com Stockholders": -45618000.0,
        "Net Income Common Stockholders": -45618000.0,
        "Net Income": -45618000.0,
        "Net Income Including Noncontrolling Interests": -45618000.0,
        "Net Income Continuous Operations": -45618000.0,
        "Tax Provision": 102418000.0,
        "Pretax Income": 56800000.0,
        "Net Non Operating Interest Income Expense": -27231000.0,
        "Interest Expense Non Operating": 28246000.0,
        "Interest Income Non Operating": 1015000.0,
        "Operating Income": 84031000.0,
        "Operating Expense": 422195000.0,
        "Other Operating Expenses": 208887000.0,
        "Depreciation Amortization Depletion Income Statement": 12597000.0,
        "Depreciation And Amortization In Income Statement": 12597000.0,
        "Selling General And Administration": 200711000.0,
        "General And Administrative Expense": 200711000.0,
        "Other Gand A": 48810000.0,
        "Salaries And Wages": 151901000.0,
        "Gross Profit": 506226000.0,
        "Cost Of Revenue": 472937000.0,
        "Total Revenue": 979163000.0,
        "Operating Revenue": 979163000.0
    },
    "2022-03-31": {
        "Diluted EPS": -0.08,
        "Total Revenue": NaN,
        "Gross Profit": 546,
        "Operating Income": 11,
        "EBIT": 381,
        "Net Income": -4
    },
    "2021-12-31": {
        "Diluted EPS": 0.17,
        "Total Revenue": NaN,
        "Gross Profit": 568,
        "Operating Income": 37,
        "EBIT": 422,
        "Net Income": 10
    },
    "2021-09-30": {
        "Diluted EPS": 0.31,
        "Total Revenue": NaN,
        "Gross Profit": 569,
        "Operating Income": 67,
        "EBIT": 449,
        "Net Income": 21
    },
    "2021-06-30": {
        "Diluted EPS": 0.9,
        "Total Revenue": NaN,
        "Gross Profit": 587,
        "Operating Income": 107,
        "EBIT": 465,
        "Net Income": 61
    },
    "2021-03-31": {
        "Diluted EPS": 0.64,
        "Total Revenue": NaN,
        "Gross Profit": 511,
        "Operating Income": 70,
        "EBIT": 337,
        "Net Income": 43
    },
    "2020-12-31": {
        "Diluted EPS": 1.0,
        "Total Revenue": 716,
        "Gross Profit": 427,
        "Operating Income": 55,
        "EBIT": 231,
        "Net Income": 56
    },
    "2020-09-30": {
        "Diluted EPS": 1.15,
        "Total Revenue": 712,
        "Gross Profit": 425,
        "Operating Income": 80,
        "EBIT": 255,
        "Net Income": 64
    },
    "2020-06-30": {
        "Diluted EPS": 0.7,
        "Total Revenue": 684,
        "Gross Profit": 400,
        "Operating Income": 54,
        "EBIT": 219,
        "Net Income": 38
    },
    "2020-03-31": {
        "Diluted EPS": 0.88,
        "Total Revenue": 702,
        "Gross Profit": 420,
        "Operating Income": 49,
        "EBIT": 225,
        "Net Income": 49
    },
    "2019-12-31": {
        "Diluted EPS": 0.71,
        "Total Revenue": 668,
        "Gross Profit": 411,
        "Operating Income": 68,
        "EBIT": 248,
        "Net Income": 40
    },
    "2019-09-30": {
        "Diluted EPS": 0.56,
        "Total Revenue": 649,
        "Gross Profit": 400,
        "Operating Income": 39,
        "EBIT": 200,
        "Net Income": 31
    },
    "2019-06-30": {
        "Diluted EPS": 1.7,
        "Total Revenue": 656,
        "Gross Profit": 408,
        "Operating Income": 130,
        "EBIT": 300,
        "Net Income": 94
    },
    "2019-03-31": {
        "Diluted EPS": 0.13,
        "Total Revenue": 697,
        "Gross Profit": 425,
        "Operating Income": 17,
        "EBIT": 189,
        "Net Income": 7
    },
    "2018-12-31": {
        "Diluted EPS": 0.04,
        "Total Revenue": 662,
        "Gross Profit": 420,
        "Operating Income": 14,
        "EBIT": 187,
        "Net Income": 2
    },
    "2018-09-30": {
        "Diluted EPS": 0.24,
        "Total Revenue": 645,
        "Gross Profit": 408,
        "Operating Income": 26,
        "EBIT": 197,
        "Net Income": 13
    },
    "2018-06-30": {
        "Diluted EPS": 0.25,
        "Total Revenue": 656,
        "Gross Profit": 424,
        "Operating Income": 27,
        "EBIT": 201,
        "Net Income": 14
    },
    "2018-03-31": {
        "Diluted EPS": -0.37,
        "Total Revenue": 698,
        "Gross Profit": 437,
        "Operating Income": -10,
        "EBIT": 163,
        "Net Income": -20
    },
    "2017-12-31": {
        "Diluted EPS": 0.66,
        "Total Revenue": 639,
        "Gross Profit": 411,
        "Operating Income": -55,
        "EBIT": 114,
        "Net Income": 35
    },
    "2017-09-30": {
        "Diluted EPS": -0.24,
        "Total Revenue": 644,
        "Gross Profit": 412,
        "Operating Income": -8,
        "EBIT": 163,
        "Net Income": -13
    },
    "2017-06-30": {
        "Diluted EPS": -0.17,
        "Total Revenue": 678,
        "Gross Profit": 433,
        "Operating Income": -1,
        "EBIT": 177,
        "Net Income": -9
    },
    "2017-03-31": {
        "Diluted EPS": -0.13,
        "Total Revenue": 742,
        "Gross Profit": 463,
        "Operating Income": 1,
        "EBIT": 185,
        "Net Income": -7
    },
    "2016-12-31": {
        "Diluted EPS": -2.76,
        "Total Revenue": 684,
        "Gross Profit": 443,
        "Operating Income": -159,
        "EBIT": 170,
        "Net Income": -146
    },
    "2016-09-30": {
        "Diluted EPS": 0.12,
        "Total Revenue": 694,
        "Gross Profit": 457,
        "Operating Income": 17,
        "EBIT": 195,
        "Net Income": 6
    },
    "2016-06-30": {
        "Diluted EPS": 0.19,
        "Total Revenue": 750,
        "Gross Profit": 500,
        "Operating Income": 28,
        "EBIT": 216,
        "Net Income": 10
    },
    "2016-03-31": {
        "Diluted EPS": 0.47,
        "Total Revenue": 836,
        "Gross Profit": 535,
        "Operating Income": 48,
        "EBIT": 243,
        "Net Income": 25
    },
    "2015-12-31": {
        "Diluted EPS": -18.83,
        "Total Revenue": 794,
        "Gross Profit": 526,
        "Operating Income": NaN,
        "EBIT": 247,
        "Net Income": NaN
    },
    "2015-09-30": {
        "Diluted EPS": -0.08,
        "Total Revenue": 792,
        "Gross Profit": 489,
        "Operating Income": 7,
        "EBIT": 203,
        "Net Income": -4
    },
    "2015-06-30": {
        "Diluted EPS": 0.43,
        "Total Revenue": 815,
        "Gross Profit": 539,
        "Operating Income": 50,
        "EBIT": 256,
        "Net Income": 23
    },
    "2015-03-31": {
        "Diluted EPS": 0.51,
        "Total Revenue": 878,
        "Gross Profit": 565,
        "Operating Income": 57,
        "EBIT": 257,
        "Net Income": 27
    },
    "2014-12-31": {
        "Diluted EPS": 0.48,
        "Total Revenue": 797,
        "Gross Profit": 545,
        "Operating Income": 48,
        "EBIT": 246,
        "Net Income": 26
    },
    "2014-09-30": {
        "Diluted EPS": 0.49,
        "Total Revenue": 764,
        "Gross Profit": 540,
        "Operating Income": 46,
        "EBIT": 235,
        "Net Income": 26
    },
    "2014-06-30": {
        "Diluted EPS": 0.33,
        "Total Revenue": 768,
        "Gross Profit": 537,
        "Operating Income": 40,
        "EBIT": 233,
        "Net Income": 18
    },
    "2014-03-31": {
        "Diluted EPS": 0.51,
        "Total Revenue": 828,
        "Gross Profit": 563,
        "Operating Income": 59,
        "EBIT": 250,
        "Net Income": 27
    },
    "2013-12-31": {
        "Diluted EPS": 0.28,
        "Total Revenue": 759,
        "Gross Profit": 543,
        "Operating Income": 35,
        "EBIT": 222,
        "Net Income": 14
    },
    "2013-09-30": {
        "Diluted EPS": 0.5,
        "Total Revenue": 755,
        "Gross Profit": 529,
        "Operating Income": 56,
        "EBIT": 241,
        "Net Income": 27
    },
    "2013-06-30": {
        "Diluted EPS": 0.76,
        "Total Revenue": 761,
        "Gross Profit": 531,
        "Operating Income": 77,
        "EBIT": 260,
        "Net Income": 42
    },
    "2013-03-31": {
        "Diluted EPS": 0.79,
        "Total Revenue": 819,
        "Gross Profit": 551,
        "Operating Income": 79,
        "EBIT": 260,
        "Net Income": 46
    },
    "2012-12-31": {
        "Diluted EPS": 0.75,
        "Total Revenue": 751,
        "Gross Profit": 531,
        "Operating Income": 74,
        "EBIT": 250,
        "Net Income": 44
    },
    "2012-09-30": {
        "Diluted EPS": 0.67,
        "Total Revenue": 739,
        "Gross Profit": 519,
        "Operating Income": 68,
        "EBIT": 242,
        "Net Income": 40
    },
    "2012-06-30": {
        "Diluted EPS": 0.74,
        "Total Revenue": 750,
        "Gross Profit": 527,
        "Operating Income": 79,
        "EBIT": 253,
        "Net Income": 44
    },
    "2012-03-31": {
        "Diluted EPS": 0.87,
        "Total Revenue": 835,
        "Gross Profit": 560,
        "Operating Income": 92,
        "EBIT": 269,
        "Net Income": 52
    },
    "2011-12-31": {
        "Diluted EPS": 0.8,
        "Total Revenue": 737,
        "Gross Profit": 517,
        "Operating Income": 80,
        "EBIT": 248,
        "Net Income": 48
    },
    "2011-09-30": {
        "Diluted EPS": 0.52,
        "Total Revenue": 704,
        "Gross Profit": 506,
        "Operating Income": 58,
        "EBIT": 215,
        "Net Income": 31
    },
    "2011-06-30": {
        "Diluted EPS": 0.63,
        "Total Revenue": 698,
        "Gross Profit": 506,
        "Operating Income": 73,
        "EBIT": 227,
        "Net Income": 40
    },
    "2011-03-31": {
        "Diluted EPS": 0.69,
        "Total Revenue": 742,
        "Gross Profit": 523,
        "Operating Income": 80,
        "EBIT": 230,
        "Net Income": 44
    },
    "2010-12-31": {
        "Diluted EPS": 0.49,
        "Total Revenue": 677,
        "Gross Profit": 495,
        "Operating Income": 63,
        "EBIT": 208,
        "Net Income": 32
    },
    "2010-09-30": {
        "Diluted EPS": 0.62,
        "Total Revenue": 665,
        "Gross Profit": 490,
        "Operating Income": 69,
        "EBIT": 210,
        "Net Income": 40
    },
    "2010-06-30": {
        "Diluted EPS": 0.72,
        "Total Revenue": 672,
        "Gross Profit": 498,
        "Operating Income": 83,
        "EBIT": 226,
        "Net Income": 48
    },
    "2010-03-31": {
        "Diluted EPS": 0.77,
        "Total Revenue": 718,
        "Gross Profit": 513,
        "Operating Income": 89,
        "EBIT": 232,
        "Net Income": 51
    },
    "2009-12-31": {
        "Diluted EPS": 0.66,
        "Total Revenue": 673,
        "Gross Profit": 491,
        "Operating Income": 75,
        "EBIT": 220,
        "Net Income": 44
    },
    "2009-09-30": {
        "Diluted EPS": 0.55,
        "Total Revenue": 671,
        "Gross Profit": 487,
        "Operating Income": 64,
        "EBIT": 209,
        "Net Income": 37
    },
    "2009-06-30": {
        "Diluted EPS": 0.63,
        "Total Revenue": 680,
        "Gross Profit": 494,
        "Operating Income": 75,
        "EBIT": 223,
        "Net Income": 42
    },
    "2009-03-31": {
        "Diluted EPS": 0.68,
        "Total Revenue": 728,
        "Gross Profit": 515,
        "Operating Income": 82,
        "EBIT": 233,
        "Net Income": 45
    },
    "2023-09-30": {
        "Tax Effect Of Unusual Items": 0.0,
        "Tax Rate For Calcs": 0.21,
        "Normalized EBITDA": 382698000.0,
        "Net Income From Continuing Operation Net Minority Interest": 4363000.0,
        "Reconciled Depreciation": 323391000.0,
        "Reconciled Cost Of Revenue": 171165000.0,
        "EBITDA": 382698000.0,
        "EBIT": 59307000.0,
        "Net Interest Income": -26632000.0,
        "Interest Expense": 27887000.0,
        "Interest Income": 1255000.0,
        "Normalized Income": 4363000.0,
        "Net Income From Continuing And Discontinued Operation": 4363000.0,
        "Total Expenses": 921046000.0,
        "Total Operating Income As Reported": 58052000.0,
        "Diluted Average Shares": 56852000.0,
        "Basic Average Shares": 55485000.0,
        "Diluted EPS": 0.08,
        "Basic EPS": 0.08,
        "Diluted NI Availto Com Stockholders": 4363000.0,
        "Net Income Common Stockholders": 4363000.0,
        "Net Income": 4363000.0,
        "Net Income Including Noncontrolling Interests": 4363000.0,
        "Net Income Continuous Operations": 4363000.0,
        "Tax Provision": 27057000.0,
        "Pretax Income": 31420000.0,
        "Net Non Operating Interest Income Expense": -26632000.0,
        "Interest Expense Non Operating": 27887000.0,
        "Interest Income Non Operating": 1255000.0,
        "Operating Income": 58052000.0,
        "Operating Expense": 439114000.0,
        "Other Operating Expenses": 220512000.0,
        "Depreciation Amortization Depletion Income Statement": 12624000.0,
        "Depreciation And Amortization In Income Statement": 12624000.0,
        "Selling General And Administration": 205978000.0,
        "General And Administrative Expense": 205978000.0,
        "Other Gand A": 53898000.0,
        "Salaries And Wages": 152080000.0,
        "Gross Profit": 497166000.0,
        "Cost Of Revenue": 481932000.0,
        "Total Revenue": 979098000.0,
        "Operating Revenue": 979098000.0
    },
    "2023-12-31": {
        "Tax Effect Of Unusual Items": 0.0,
        "Tax Rate For Calcs": 0.21,
        "Normalized EBITDA": 394263000.0,
        "Net Income From Continuing Operation Net Minority Interest": -11254000.0,
        "Reconciled Depreciation": 337638000.0,
        "Reconciled Cost Of Revenue": 181070000.0,
        "EBITDA": 394263000.0,
        "EBIT": 56625000.0,
        "Net Interest Income": -28455000.0,
        "Interest Expense": 29185000.0,
        "Interest Income": 730000.0,
        "Normalized Income": -11254000.0,
        "Net Income From Continuing And Discontinued Operation": -11254000.0,
        "Total Expenses": 962196000.0,
        "Total Operating Income As Reported": 55895000.0,
        "Diluted Average Shares": NaN,
        "Basic Average Shares": NaN,
        "Diluted EPS": NaN,
        "Basic EPS": NaN,
        "Diluted NI Availto Com Stockholders": -11254000.0,
        "Net Income Common Stockholders": -11254000.0,
        "Net Income": -11254000.0,
        "Net Income Including Noncontrolling Interests": -11254000.0,
        "Net Income Continuous Operations": -11254000.0,
        "Tax Provision": 38694000.0,
        "Pretax Income": 27440000.0,
        "Net Non Operating Interest Income Expense": -28455000.0,
        "Interest Expense Non Operating": 29185000.0,
        "Interest Income Non Operating": 730000.0,
        "Operating Income": 55895000.0,
        "Operating Expense": 456707000.0,
        "Other Operating Expenses": 239148000.0,
        "Depreciation Amortization Depletion Income Statement": 13219000.0,
        "Depreciation And Amortization In Income Statement": 13219000.0,
        "Selling General And Administration": 204340000.0,
        "General And Administrative Expense": 204340000.0,
        "Other Gand A": 51272000.0,
        "Salaries And Wages": 153068000.0,
        "Gross Profit": 512602000.0,
        "Cost Of Revenue": 505489000.0,
        "Total Revenue": 1018091000.0,
        "Operating Revenue": 1018091000.0
    },
    "2024-03-31": {
        "Tax Effect Of Unusual Items": 0.0,
        "Tax Rate For Calcs": 0.15,
        "Normalized EBITDA": 412310000.0,
        "Net Income From Continuing Operation Net Minority Interest": 27687000.0,
        "Reconciled Depreciation": 349745000.0,
        "Reconciled Cost Of Revenue": 230627000.0,
        "EBITDA": 412310000.0,
        "EBIT": 62565000.0,
        "Net Interest Income": -29188000.0,
        "Interest Expense": 29991000.0,
        "Interest Income": 803000.0,
        "Normalized Income": 27687000.0,
        "Net Income From Continuing And Discontinued Operation": 27687000.0,
        "Total Expenses": 1034205000.0,
        "Total Operating Income As Reported": 61762000.0,
        "Diluted Average Shares": 55815000.0,
        "Basic Average Shares": 54544000.0,
        "Diluted EPS": 0.5,
        "Basic EPS": 0.51,
        "Diluted NI Availto Com Stockholders": 27687000.0,
        "Net Income Common Stockholders": 27687000.0,
        "Net Income": 27687000.0,
        "Net Income Including Noncontrolling Interests": 27687000.0,
        "Net Income Continuous Operations": 27687000.0,
        "Tax Provision": 4887000.0,
        "Pretax Income": 32574000.0,
        "Net Non Operating Interest Income Expense": -29188000.0,
        "Interest Expense Non Operating": 29991000.0,
        "Interest Income Non Operating": 803000.0,
        "Operating Income": 61762000.0,
        "Operating Expense": 467306000.0,
        "Other Operating Expenses": 240598000.0,
        "Depreciation Amortization Depletion Income Statement": 13473000.0,
        "Depreciation And Amortization In Income Statement": 13473000.0,
        "Selling General And Administration": 213235000.0,
        "General And Administrative Expense": 213235000.0,
        "Other Gand A": 55099000.0,
        "Salaries And Wages": 158136000.0,
        "Gross Profit": 529068000.0,
        "Cost Of Revenue": 566899000.0,
        "Total Revenue": 1095967000.0,
        "Operating Revenue": 1095967000.0
    }
}