{
    "2023-03-31": {
        "Tax Effect Of Unusual Items": -1305218.022578,
        "Tax Rate For Calcs": 0.010052,
        "Normalized EBITDA": 12343000.0,
        "Total Unusual Items": -129849000.0,
        "Total Unusual Items Excluding Goodwill": -129849000.0,
        "Net Income From Continuing Operation Net Minority Interest": -140045000.0,
        "Reconciled Depreciation": 18500000.0,
        "Reconciled Cost Of Revenue": 22130000.0,
        "EBITDA": -117506000.0,
        "EBIT": -136006000.0,
        "Net Interest Income": -5461000.0,
        "Interest Expense": 5461000.0,
        "Normalized Income": -11501218.022578,
        "Net Income From Continuing And Discontinued Operation": -140045000.0,
        "Total Expenses": 84638000.0,
        "Total Operating Income As Reported": -137431000.0,
        "Diluted Average Shares": 32259110.0,
        "Basic Average Shares": 32259110.0,
        "Diluted EPS": -4.38,
        "Basic EPS": -4.38,
        "Diluted NI Availto Com Stockholders": -141360000.0,
        "Net Income Common Stockholders": -141360000.0,
        "Preferred Stock Dividends": 1315000.0,
        "Net Income": -140045000.0,
        "Net Income Including Noncontrolling Interests": -140045000.0,
        "Net Income Continuous Operations": -140045000.0,
        "Tax Provision": -1422000.0,
        "Pretax Income": -141467000.0,
        "Other Income Expense": -128424000.0,
        "Other Non Operating Income Expenses": 1425000.0,
        "Special Income Charges": -129849000.0,
        "Impairment Of Capital Assets": 128755000.0,
        "Restructuring And Mergern Acquisition": 1094000.0,
        "Net Non Operating Interest Income Expense": -5461000.0,
        "Interest Expense Non Operating": 5461000.0,
        "Operating Income": -7582000.0,
        "Operating Expense": 59102000.0,
        "Depreciation Amortization Depletion Income Statement": 15094000.0,
        "Depreciation And Amortization In Income Statement": 15094000.0,
        "Amortization": 14766000.0,
        "Amortization Of Intangibles Income Statement": 14766000.0,
        "Depreciation Income Statement": 328000.0,
        "Research And Development": 12530000.0,
        "Selling General And Administration": 31478000.0,
        "Selling And Marketing Expense": 14289000.0,
        "General And Administrative Expense": 17189000.0,
        "Other Gand A": 17189000.0,
        "Gross Profit": 51520000.0,
        "Cost Of Revenue": 25536000.0,
        "Total Revenue": 77056000.0,
        "Operating Revenue": 77056000.0
    },
    "2022-12-31": {
        "Tax Effect Of Unusual Items": NaN,
        "Tax Rate For Calcs": NaN,
        "Normalized EBITDA": NaN,
        "Total Unusual Items": NaN,
        "Total Unusual Items Excluding Goodwill": NaN,
        "Net Income From Continuing Operation Net Minority Interest": NaN,
        "Reconciled Depreciation": NaN,
        "Reconciled Cost Of Revenue": NaN,
        "EBITDA": NaN,
        "EBIT": NaN,
        "Net Interest Income": NaN,
        "Interest Expense": NaN,
        "Normalized Income": NaN,
        "Net Income From Continuing And Discontinued Operation": NaN,
        "Total Expenses": NaN,
        "Total Operating Income As Reported": NaN,
        "Diluted Average Shares": 31906980.0,
        "Basic Average Shares": 31906980.0,
        "Diluted EPS": -0.75,
        "Basic EPS": -0.75,
        "Diluted NI Availto Com Stockholders": NaN,
        "Net Income Common Stockholders": NaN,
        "Preferred Stock Dividends": NaN,
        "Net Income": NaN,
        "Net Income Including Noncontrolling Interests": NaN,
        "Net Income Continuous Operations": NaN,
        "Tax Provision": NaN,
        "Pretax Income": NaN,
        "Other Income Expense": NaN,
        "Other Non Operating Income Expenses": NaN,
        "Special Income Charges": NaN,
        "Impairment Of Capital Assets": NaN,
        "Restructuring And Mergern Acquisition": NaN,
        "Net Non Operating Interest Income Expense": NaN,
        "Interest Expense Non Operating": NaN,
        "Operating Income": NaN,
        "Operating Expense": NaN,
        "Depreciation Amortization Depletion Income Statement": NaN,
        "Depreciation And Amortization In Income Statement": NaN,
        "Amortization": NaN,
        "Amortization Of Intangibles Income Statement": NaN,
        "Depreciation Income Statement": NaN,
        "Research And Development": NaN,
        "Selling General And Administration": NaN,
        "Selling And Marketing Expense": NaN,
        "General And Administrative Expense": NaN,
        "Other Gand A": NaN,
        "Gross Profit": NaN,
        "Cost Of Revenue": NaN,
        "Total Revenue": NaN,
        "Operating Revenue": NaN
    },
    "2022-09-30": {
        "Tax Effect Of Unusual Items": -500305.984939,
        "Tax Rate For Calcs": 0.139516,
        "Normalized EBITDA": 16511000.0,
        "Total Unusual Items": -3586000.0,
        "Total Unusual Items Excluding Goodwill": -3586000.0,
        "Net Income From Continuing Operation Net Minority Interest": -6513000.0,
        "Reconciled Depreciation": 13140000.0,
        "Reconciled Cost Of Revenue": 22703000.0,
        "EBITDA": 12925000.0,
        "EBIT": -215000.0,
        "Net Interest Income": -7354000.0,
        "Interest Expense": 7354000.0,
        "Normalized Income": -3427305.984939,
        "Net Income From Continuing And Discontinued Operation": -6513000.0,
        "Total Expenses": 76517000.0,
        "Total Operating Income As Reported": -554000.0,
        "Diluted Average Shares": 31655206.0,
        "Basic Average Shares": 31655206.0,
        "Diluted EPS": -0.22,
        "Basic EPS": -0.22,
        "Diluted NI Availto Com Stockholders": -7059000.0,
        "Net Income Common Stockholders": -7059000.0,
        "Preferred Stock Dividends": 546000.0,
        "Net Income": -6513000.0,
        "Net Income Including Noncontrolling Interests": -6513000.0,
        "Net Income Continuous Operations": -6513000.0,
        "Tax Provision": -1056000.0,
        "Pretax Income": -7569000.0,
        "Other Income Expense": -3247000.0,
        "Other Non Operating Income Expenses": 339000.0,
        "Special Income Charges": -3586000.0,
        "Impairment Of Capital Assets": NaN,
        "Restructuring And Mergern Acquisition": 3586000.0,
        "Net Non Operating Interest Income Expense": -7354000.0,
        "Interest Expense Non Operating": 7354000.0,
        "Operating Income": 3032000.0,
        "Operating Expense": 50791000.0,
        "Depreciation Amortization Depletion Income Statement": 10117000.0,
        "Depreciation And Amortization In Income Statement": 10117000.0,
        "Amortization": 9754000.0,
        "Amortization Of Intangibles Income Statement": 9754000.0,
        "Depreciation Income Statement": 363000.0,
        "Research And Development": 11645000.0,
        "Selling General And Administration": 29029000.0,
        "Selling And Marketing Expense": 14361000.0,
        "General And Administrative Expense": 14668000.0,
        "Other Gand A": 14668000.0,
        "Gross Profit": 53823000.0,
        "Cost Of Revenue": 25726000.0,
        "Total Revenue": 79549000.0,
        "Operating Revenue": 79549000.0
    },
    "2022-06-30": {
        "Tax Effect Of Unusual Items": -137835.754521,
        "Tax Rate For Calcs": 0.027987,
        "Normalized EBITDA": 9745000.0,
        "Total Unusual Items": -4925000.0,
        "Total Unusual Items Excluding Goodwill": -4925000.0,
        "Net Income From Continuing Operation Net Minority Interest": -16393000.0,
        "Reconciled Depreciation": 13931000.0,
        "Reconciled Cost Of Revenue": 23424000.0,
        "EBITDA": 4820000.0,
        "EBIT": -9111000.0,
        "Net Interest Income": -7754000.0,
        "Interest Expense": 7754000.0,
        "Normalized Income": -11605835.754521,
        "Net Income From Continuing And Discontinued Operation": -16393000.0,
        "Total Expenses": 86190000.0,
        "Total Operating Income As Reported": -10888000.0,
        "Diluted Average Shares": 31380505.0,
        "Basic Average Shares": 31380505.0,
        "Diluted EPS": -0.52,
        "Basic EPS": -0.52,
        "Diluted NI Availto Com Stockholders": -16393000.0,
        "Net Income Common Stockholders": -16393000.0,
        "Preferred Stock Dividends": NaN,
        "Net Income": -16393000.0,
        "Net Income Including Noncontrolling Interests": -16393000.0,
        "Net Income Continuous Operations": -16393000.0,
        "Tax Provision": -472000.0,
        "Pretax Income": -16865000.0,
        "Other Income Expense": -3148000.0,
        "Other Non Operating Income Expenses": 1777000.0,
        "Special Income Charges": -4925000.0,
        "Impairment Of Capital Assets": NaN,
        "Restructuring And Mergern Acquisition": 4925000.0,
        "Net Non Operating Interest Income Expense": -7754000.0,
        "Interest Expense Non Operating": 7754000.0,
        "Operating Income": -5963000.0,
        "Operating Expense": 59637000.0,
        "Depreciation Amortization Depletion Income Statement": 10802000.0,
        "Depreciation And Amortization In Income Statement": 10802000.0,
        "Amortization": 10409000.0,
        "Amortization Of Intangibles Income Statement": 10409000.0,
        "Depreciation Income Statement": 393000.0,
        "Research And Development": 11676000.0,
        "Selling General And Administration": 37159000.0,
        "Selling And Marketing Expense": 15331000.0,
        "General And Administrative Expense": 21828000.0,
        "Other Gand A": 21828000.0,
        "Gross Profit": 53674000.0,
        "Cost Of Revenue": 26553000.0,
        "Total Revenue": 80227000.0,
        "Operating Revenue": 80227000.0
    },
    "2022-03-31": {
        "Diluted EPS": -0.73,
        "Total Revenue": 79,
        "Gross Profit": 54,
        "Operating Income": -15,
        "EBIT": 2,
        "Net Income": -23
    },
    "2021-12-31": {
        "Diluted EPS": -0.24,
        "Total Revenue": 76,
        "Gross Profit": 51,
        "Operating Income": -2,
        "EBIT": 14,
        "Net Income": -7
    },
    "2021-09-30": {
        "Diluted EPS": -0.36,
        "Total Revenue": 76,
        "Gross Profit": 51,
        "Operating Income": -6,
        "EBIT": 10,
        "Net Income": -11
    },
    "2021-06-30": {
        "Diluted EPS": -0.63,
        "Total Revenue": 76,
        "Gross Profit": 51,
        "Operating Income": -9,
        "EBIT": 6,
        "Net Income": -19
    },
    "2021-03-31": {
        "Diluted EPS": -0.69,
        "Total Revenue": 74,
        "Gross Profit": 50,
        "Operating Income": -18,
        "EBIT": -3,
        "Net Income": -21
    },
    "2020-12-31": {
        "Diluted EPS": -0.12,
        "Total Revenue": 78,
        "Gross Profit": 51,
        "Operating Income": 1,
        "EBIT": 15,
        "Net Income": -6
    },
    "2020-09-30": {
        "Diluted EPS": -0.42,
        "Total Revenue": 74,
        "Gross Profit": 49,
        "Operating Income": -3,
        "EBIT": 10,
        "Net Income": -11
    },
    "2020-06-30": {
        "Diluted EPS": -0.57,
        "Total Revenue": 71,
        "Gross Profit": 48,
        "Operating Income": -7,
        "EBIT": 6,
        "Net Income": -14
    },
    "2020-03-31": {
        "Diluted EPS": -0.81,
        "Total Revenue": 68,
        "Gross Profit": 46,
        "Operating Income": -15,
        "EBIT": -3,
        "Net Income": -20
    },
    "2019-12-31": {
        "Diluted EPS": -0.84,
        "Total Revenue": 66,
        "Gross Profit": 45,
        "Operating Income": -13,
        "EBIT": -1,
        "Net Income": -20
    },
    "2019-09-30": {
        "Diluted EPS": -0.5,
        "Total Revenue": 55,
        "Gross Profit": 38,
        "Operating Income": -4,
        "EBIT": 6,
        "Net Income": -12
    },
    "2019-06-30": {
        "Diluted EPS": -0.24,
        "Total Revenue": 53,
        "Gross Profit": 36,
        "Operating Income": -6,
        "EBIT": 3,
        "Net Income": -5
    },
    "2019-03-31": {
        "Diluted EPS": -0.38,
        "Total Revenue": 48,
        "Gross Profit": 34,
        "Operating Income": -3,
        "EBIT": 6,
        "Net Income": -8
    },
    "2018-12-31": {
        "Diluted EPS": 0.09,
        "Total Revenue": 45,
        "Gross Profit": 30,
        "Operating Income": -5,
        "EBIT": 3,
        "Net Income": 2
    },
    "2018-09-30": {
        "Diluted EPS": -0.21,
        "Total Revenue": 37,
        "Gross Profit": 25,
        "Operating Income": 0,
        "EBIT": 6,
        "Net Income": -4
    },
    "2018-06-30": {
        "Diluted EPS": -0.26,
        "Total Revenue": 36,
        "Gross Profit": 25,
        "Operating Income": -1,
        "EBIT": 5,
        "Net Income": -5
    },
    "2018-03-31": {
        "Diluted EPS": -0.16,
        "Total Revenue": 32,
        "Gross Profit": 21,
        "Operating Income": 0,
        "EBIT": 4,
        "Net Income": -3
    },
    "2017-12-31": {
        "Diluted EPS": -0.18,
        "Total Revenue": 28,
        "Gross Profit": 18,
        "Operating Income": -2,
        "EBIT": 1,
        "Net Income": -4
    },
    "2017-09-30": {
        "Diluted EPS": -0.18,
        "Total Revenue": 26,
        "Gross Profit": 17,
        "Operating Income": -2,
        "EBIT": 1,
        "Net Income": -4
    },
    "2017-06-30": {
        "Diluted EPS": -0.33,
        "Total Revenue": 23,
        "Gross Profit": 15,
        "Operating Income": -3,
        "EBIT": 0,
        "Net Income": -6
    },
    "2017-03-31": {
        "Diluted EPS": -0.33,
        "Total Revenue": 21,
        "Gross Profit": 14,
        "Operating Income": -4,
        "EBIT": -1,
        "Net Income": -6
    },
    "2016-12-31": {
        "Diluted EPS": -0.1,
        "Total Revenue": 19,
        "Gross Profit": 12,
        "Operating Income": -1,
        "EBIT": 2,
        "Net Income": -2
    },
    "2016-09-30": {
        "Diluted EPS": -0.14,
        "Total Revenue": 19,
        "Gross Profit": 12,
        "Operating Income": -1,
        "EBIT": 1,
        "Net Income": -2
    },
    "2016-06-30": {
        "Diluted EPS": -0.22,
        "Total Revenue": 19,
        "Gross Profit": 12,
        "Operating Income": -2,
        "EBIT": 0,
        "Net Income": -4
    },
    "2016-03-31": {
        "Diluted EPS": -0.36,
        "Total Revenue": 18,
        "Gross Profit": 11,
        "Operating Income": -4,
        "EBIT": -2,
        "Net Income": -6
    },
    "2015-12-31": {
        "Diluted EPS": -0.28,
        "Total Revenue": 18,
        "Gross Profit": 11,
        "Operating Income": -3,
        "EBIT": 0,
        "Net Income": -4
    },
    "2015-09-30": {
        "Diluted EPS": -0.16,
        "Total Revenue": 17,
        "Gross Profit": 11,
        "Operating Income": -2,
        "EBIT": 0,
        "Net Income": -2
    },
    "2015-06-30": {
        "Diluted EPS": -0.22,
        "Total Revenue": 18,
        "Gross Profit": 11,
        "Operating Income": -3,
        "EBIT": 0,
        "Net Income": -3
    },
    "2015-03-31": {
        "Diluted EPS": -0.25,
        "Total Revenue": 18,
        "Gross Profit": 11,
        "Operating Income": -3,
        "EBIT": -1,
        "Net Income": -4
    },
    "2014-12-31": {
        "Diluted EPS": 1.65,
        "Total Revenue": 16,
        "Gross Profit": 10,
        "Operating Income": -4,
        "EBIT": -2,
        "Net Income": -3
    },
    "2014-09-30": {
        "Diluted EPS": -0.8,
        "Total Revenue": 16,
        "Gross Profit": 10,
        "Operating Income": -2,
        "EBIT": 0,
        "Net Income": -3
    },
    "2014-06-30": {
        "Diluted EPS": -0.8,
        "Total Revenue": 16,
        "Gross Profit": 11,
        "Operating Income": -1,
        "EBIT": 1,
        "Net Income": -3
    },
    "2014-03-31": {
        "Diluted EPS": -4.48,
        "Total Revenue": 16,
        "Gross Profit": 10,
        "Operating Income": -12,
        "EBIT": -10,
        "Net Income": -13
    },
    "2013-12-31": {
        "Diluted EPS": 0.0,
        "Total Revenue": NaN,
        "Gross Profit": NaN,
        "Operating Income": NaN,
        "EBIT": NaN,
        "Net Income": NaN
    },
    "2013-09-30": {
        "Diluted EPS": -1.17,
        "Total Revenue": 10,
        "Gross Profit": 7,
        "Operating Income": -1,
        "EBIT": -1,
        "Net Income": -1
    },
    "2012-12-31": {
        "Diluted EPS": 0.0,
        "Total Revenue": NaN,
        "Gross Profit": NaN,
        "Operating Income": NaN,
        "EBIT": NaN,
        "Net Income": NaN
    },
    "2023-06-30": {
        "Tax Effect Of Unusual Items": -16240.312094,
        "Tax Rate For Calcs": 0.01515,
        "Normalized EBITDA": 9352000.0,
        "Total Unusual Items": -1072000.0,
        "Total Unusual Items Excluding Goodwill": -1072000.0,
        "Net Income From Continuing Operation Net Minority Interest": -15147000.0,
        "Reconciled Depreciation": 18284000.0,
        "Reconciled Cost Of Revenue": 20747000.0,
        "EBITDA": 8280000.0,
        "EBIT": -10004000.0,
        "Net Interest Income": -5376000.0,
        "Interest Expense": 5376000.0,
        "Normalized Income": -14091240.312094,
        "Net Income From Continuing And Discontinued Operation": -15147000.0,
        "Total Expenses": 82812000.0,
        "Total Operating Income As Reported": -9387000.0,
        "Diluted Average Shares": 32473872.0,
        "Basic Average Shares": 32473872.0,
        "Diluted EPS": -0.51,
        "Basic EPS": -0.51,
        "Diluted NI Availto Com Stockholders": -16476000.0,
        "Net Income Common Stockholders": -16476000.0,
        "Preferred Stock Dividends": 1329000.0,
        "Net Income": -15147000.0,
        "Net Income Including Noncontrolling Interests": -15147000.0,
        "Net Income Continuous Operations": -15147000.0,
        "Tax Provision": -233000.0,
        "Pretax Income": -15380000.0,
        "Other Income Expense": -1689000.0,
        "Other Non Operating Income Expenses": -617000.0,
        "Special Income Charges": -1072000.0,
        "Impairment Of Capital Assets": 0.0,
        "Restructuring And Mergern Acquisition": 1072000.0,
        "Net Non Operating Interest Income Expense": -5376000.0,
        "Interest Expense Non Operating": 5376000.0,
        "Operating Income": -8315000.0,
        "Operating Expense": 58634000.0,
        "Depreciation Amortization Depletion Income Statement": 14853000.0,
        "Depreciation And Amortization In Income Statement": 14853000.0,
        "Amortization": 14545000.0,
        "Amortization Of Intangibles Income Statement": 14545000.0,
        "Depreciation Income Statement": 308000.0,
        "Research And Development": 12443000.0,
        "Selling General And Administration": 31338000.0,
        "Selling And Marketing Expense": 15755000.0,
        "General And Administrative Expense": 15583000.0,
        "Other Gand A": 15583000.0,
        "Gross Profit": 50319000.0,
        "Cost Of Revenue": 24178000.0,
        "Total Revenue": 74497000.0,
        "Operating Revenue": 74497000.0
    },
    "2023-09-30": {
        "Tax Effect Of Unusual Items": -64259.24465,
        "Tax Rate For Calcs": 0.145055,
        "Normalized EBITDA": 10518000.0,
        "Total Unusual Items": -443000.0,
        "Total Unusual Items Excluding Goodwill": -443000.0,
        "Net Income From Continuing Operation Net Minority Interest": -8670000.0,
        "Reconciled Depreciation": 17691000.0,
        "Reconciled Cost Of Revenue": 19509000.0,
        "EBITDA": 10075000.0,
        "EBIT": -7616000.0,
        "Net Interest Income": -2525000.0,
        "Interest Expense": 2525000.0,
        "Normalized Income": -8291259.24465,
        "Net Income From Continuing And Discontinued Operation": -8670000.0,
        "Total Expenses": 81397000.0,
        "Total Operating Income As Reported": -7719000.0,
        "Diluted Average Shares": 32579544.0,
        "Basic Average Shares": 32579544.0,
        "Diluted EPS": -0.31,
        "Basic EPS": -0.31,
        "Diluted NI Availto Com Stockholders": -10014000.0,
        "Net Income Common Stockholders": -10014000.0,
        "Preferred Stock Dividends": 1344000.0,
        "Net Income": -8670000.0,
        "Net Income Including Noncontrolling Interests": -8670000.0,
        "Net Income Continuous Operations": -8670000.0,
        "Tax Provision": -1471000.0,
        "Pretax Income": -10141000.0,
        "Other Income Expense": -340000.0,
        "Other Non Operating Income Expenses": 103000.0,
        "Special Income Charges": -443000.0,
        "Impairment Of Capital Assets": 0.0,
        "Restructuring And Mergern Acquisition": 443000.0,
        "Net Non Operating Interest Income Expense": -2525000.0,
        "Interest Expense Non Operating": 2525000.0,
        "Operating Income": -7276000.0,
        "Operating Expense": 58459000.0,
        "Depreciation Amortization Depletion Income Statement": 14262000.0,
        "Depreciation And Amortization In Income Statement": 14262000.0,
        "Amortization": 13811000.0,
        "Amortization Of Intangibles Income Statement": 13811000.0,
        "Depreciation Income Statement": 451000.0,
        "Research And Development": 12740000.0,
        "Selling General And Administration": 31457000.0,
        "Selling And Marketing Expense": 16860000.0,
        "General And Administrative Expense": 14597000.0,
        "Other Gand A": 14597000.0,
        "Gross Profit": 51183000.0,
        "Cost Of Revenue": 22938000.0,
        "Total Revenue": 74121000.0,
        "Operating Revenue": 74121000.0
    },
    "2023-12-31": {
        "Tax Effect Of Unusual Items": -94710.0,
        "Tax Rate For Calcs": 0.21,
        "Normalized EBITDA": 7904000.0,
        "Total Unusual Items": -451000.0,
        "Total Unusual Items Excluding Goodwill": -451000.0,
        "Net Income From Continuing Operation Net Minority Interest": -16012000.0,
        "Reconciled Depreciation": 17510000.0,
        "Reconciled Cost Of Revenue": 20604000.0,
        "EBITDA": 7453000.0,
        "EBIT": -10057000.0,
        "Net Interest Income": -5322000.0,
        "Interest Expense": 5322000.0,
        "Normalized Income": -15655710.0,
        "Net Income From Continuing And Discontinued Operation": -16012000.0,
        "Total Expenses": 81109000.0,
        "Total Operating Income As Reported": -9382000.0,
        "Diluted Average Shares": NaN,
        "Basic Average Shares": NaN,
        "Diluted EPS": NaN,
        "Basic EPS": NaN,
        "Diluted NI Availto Com Stockholders": -17371000.0,
        "Net Income Common Stockholders": -17371000.0,
        "Preferred Stock Dividends": 1359000.0,
        "Net Income": -16012000.0,
        "Net Income Including Noncontrolling Interests": -16012000.0,
        "Net Income Continuous Operations": -16012000.0,
        "Tax Provision": 633000.0,
        "Pretax Income": -15379000.0,
        "Other Income Expense": -1126000.0,
        "Other Non Operating Income Expenses": -675000.0,
        "Special Income Charges": -451000.0,
        "Impairment Of Capital Assets": 0.0,
        "Restructuring And Mergern Acquisition": 451000.0,
        "Net Non Operating Interest Income Expense": -5322000.0,
        "Interest Expense Non Operating": 5322000.0,
        "Operating Income": -8931000.0,
        "Operating Expense": 57400000.0,
        "Depreciation Amortization Depletion Income Statement": 14405000.0,
        "Depreciation And Amortization In Income Statement": 14405000.0,
        "Amortization": 14079000.0,
        "Amortization Of Intangibles Income Statement": 14079000.0,
        "Depreciation Income Statement": 326000.0,
        "Research And Development": 11662000.0,
        "Selling General And Administration": 31333000.0,
        "Selling And Marketing Expense": 17438000.0,
        "General And Administrative Expense": 13895000.0,
        "Other Gand A": 13895000.0,
        "Gross Profit": 48469000.0,
        "Cost Of Revenue": 23709000.0,
        "Total Revenue": 72178000.0,
        "Operating Revenue": 72178000.0
    },
    "2024-03-31": {
        "Tax Effect Of Unusual Items": -493531.750054,
        "Tax Rate For Calcs": 0.005658,
        "Normalized EBITDA": 9310000.0,
        "Total Unusual Items": -87227000.0,
        "Total Unusual Items Excluding Goodwill": -87227000.0,
        "Net Income From Continuing Operation Net Minority Interest": -96130000.0,
        "Reconciled Depreciation": 13802000.0,
        "Reconciled Cost Of Revenue": 18643000.0,
        "EBITDA": -77917000.0,
        "EBIT": -91719000.0,
        "Net Interest Income": -4958000.0,
        "Interest Expense": 4958000.0,
        "Normalized Income": -9396531.750054,
        "Net Income From Continuing And Discontinued Operation": -96130000.0,
        "Total Expenses": 75150000.0,
        "Total Operating Income As Reported": -91641000.0,
        "Diluted Average Shares": 28917897.0,
        "Basic Average Shares": 28917897.0,
        "Diluted EPS": -3.37,
        "Basic EPS": -3.37,
        "Diluted NI Availto Com Stockholders": -97505000.0,
        "Net Income Common Stockholders": -97505000.0,
        "Preferred Stock Dividends": 1375000.0,
        "Net Income": -96130000.0,
        "Net Income Including Noncontrolling Interests": -96130000.0,
        "Net Income Continuous Operations": -96130000.0,
        "Tax Provision": -547000.0,
        "Pretax Income": -96677000.0,
        "Other Income Expense": -87305000.0,
        "Other Non Operating Income Expenses": -78000.0,
        "Special Income Charges": -87227000.0,
        "Impairment Of Capital Assets": 87227000.0,
        "Restructuring And Mergern Acquisition": 0.0,
        "Net Non Operating Interest Income Expense": -4958000.0,
        "Interest Expense Non Operating": 4958000.0,
        "Operating Income": -4414000.0,
        "Operating Expense": 54101000.0,
        "Depreciation Amortization Depletion Income Statement": 11396000.0,
        "Depreciation And Amortization In Income Statement": 11396000.0,
        "Amortization": 11104000.0,
        "Amortization Of Intangibles Income Statement": 11104000.0,
        "Depreciation Income Statement": 292000.0,
        "Research And Development": 12455000.0,
        "Selling General And Administration": 30250000.0,
        "Selling And Marketing Expense": 17018000.0,
        "General And Administrative Expense": 13232000.0,
        "Other Gand A": 13232000.0,
        "Gross Profit": 49687000.0,
        "Cost Of Revenue": 21049000.0,
        "Total Revenue": 70736000.0,
        "Operating Revenue": 70736000.0
    }
}