{
    "2023-03-31": {
        "Tax Effect Of Unusual Items": -3262560.0,
        "Tax Rate For Calcs": 0.21,
        "Total Unusual Items": -15536000.0,
        "Total Unusual Items Excluding Goodwill": -15536000.0,
        "Net Income From Continuing Operation Net Minority Interest": -129254000.0,
        "Reconciled Depreciation": 6441000.0,
        "Net Interest Income": 38183000.0,
        "Interest Expense": 7132000.0,
        "Interest Income": 45315000.0,
        "Normalized Income": -116980560.0,
        "Net Income From Continuing And Discontinued Operation": -129254000.0,
        "Diluted Average Shares": 81911433.0,
        "Basic Average Shares": 81911433.0,
        "Diluted EPS": -1.58,
        "Basic EPS": -1.58,
        "Diluted NI Availto Com Stockholders": -129254000.0,
        "Net Income Common Stockholders": -129254000.0,
        "Net Income": -129254000.0,
        "Net Income Including Noncontrolling Interests": -129254000.0,
        "Net Income Continuous Operations": -129254000.0,
        "Tax Provision": 16000.0,
        "Pretax Income": -129238000.0,
        "Other Non Operating Income Expenses": 2597000.0,
        "Special Income Charges": -15536000.0,
        "Restructuring And Mergern Acquisition": 15536000.0,
        "Gain On Sale Of Security": -44544000.0,
        "Selling General And Administration": 124691000.0,
        "Selling And Marketing Expense": 31438000.0,
        "General And Administrative Expense": 93253000.0,
        "Other Gand A": 52663000.0,
        "Salaries And Wages": 40590000.0,
        "Total Revenue": 102927000.0,
        "Operating Revenue": 102927000.0,
        "Other Non Interest Expense": 94535000.0
    },
    "2022-12-31": {
        "Tax Effect Of Unusual Items": 0.0,
        "Tax Rate For Calcs": 0.008326,
        "Total Unusual Items": 0.0,
        "Total Unusual Items Excluding Goodwill": 0.0,
        "Net Income From Continuing Operation Net Minority Interest": -55263000.0,
        "Reconciled Depreciation": 3654000.0,
        "Net Interest Income": 34771000.0,
        "Interest Expense": 4521000.0,
        "Interest Income": 39292000.0,
        "Normalized Income": -55263000.0,
        "Net Income From Continuing And Discontinued Operation": -55263000.0,
        "Diluted Average Shares": 82230427.0,
        "Basic Average Shares": 82230427.0,
        "Diluted EPS": -0.67,
        "Basic EPS": -0.67,
        "Diluted NI Availto Com Stockholders": -55263000.0,
        "Net Income Common Stockholders": -55263000.0,
        "Net Income": -55263000.0,
        "Net Income Including Noncontrolling Interests": -55263000.0,
        "Net Income Continuous Operations": -55263000.0,
        "Tax Provision": -464000.0,
        "Pretax Income": -55727000.0,
        "Other Non Operating Income Expenses": 7455000.0,
        "Special Income Charges": 0.0,
        "Restructuring And Mergern Acquisition": 0.0,
        "Gain On Sale Of Security": -35251000.0,
        "Selling General And Administration": 141382000.0,
        "Selling And Marketing Expense": 50753000.0,
        "General And Administrative Expense": 90629000.0,
        "Other Gand A": 47142000.0,
        "Salaries And Wages": 43487000.0,
        "Total Revenue": 142229000.0,
        "Operating Revenue": 142229000.0
    },
    "2022-09-30": {
        "Tax Effect Of Unusual Items": 0.0,
        "Tax Rate For Calcs": 0.21,
        "Total Unusual Items": 0.0,
        "Total Unusual Items Excluding Goodwill": 0.0,
        "Net Income From Continuing Operation Net Minority Interest": -56223000.0,
        "Reconciled Depreciation": 3724000.0,
        "Net Interest Income": -22115000.0,
        "Interest Expense": 3050000.0,
        "Interest Income": -22115000.0,
        "Normalized Income": -56223000.0,
        "Net Income From Continuing And Discontinued Operation": -56223000.0,
        "Diluted Average Shares": 81672099.0,
        "Basic Average Shares": 81672099.0,
        "Diluted EPS": -0.69,
        "Basic EPS": -0.69,
        "Diluted NI Availto Com Stockholders": -56223000.0,
        "Net Income Common Stockholders": -56223000.0,
        "Net Income": -56223000.0,
        "Net Income Including Noncontrolling Interests": -56223000.0,
        "Net Income Continuous Operations": -56223000.0,
        "Tax Provision": 12000.0,
        "Pretax Income": -56211000.0,
        "Other Non Operating Income Expenses": 1880000.0,
        "Special Income Charges": 0.0,
        "Restructuring And Mergern Acquisition": 0.0,
        "Gain On Sale Of Security": -20069000.0,
        "Selling General And Administration": 149142000.0,
        "Selling And Marketing Expense": 56362000.0,
        "General And Administrative Expense": 92780000.0,
        "Other Gand A": 47752000.0,
        "Salaries And Wages": 45028000.0,
        "Total Revenue": 157233000.0,
        "Operating Revenue": 157233000.0
    },
    "2022-06-30": {
        "Tax Effect Of Unusual Items": 0.0,
        "Tax Rate For Calcs": 0.4,
        "Total Unusual Items": 0.0,
        "Total Unusual Items Excluding Goodwill": 0.0,
        "Net Income From Continuing Operation Net Minority Interest": -29871000.0,
        "Reconciled Depreciation": 3354000.0,
        "Net Interest Income": -30183000.0,
        "Interest Expense": 2313000.0,
        "Interest Income": -30183000.0,
        "Normalized Income": -29871000.0,
        "Net Income From Continuing And Discontinued Operation": -29871000.0,
        "Diluted Average Shares": 83833963.0,
        "Basic Average Shares": 83833963.0,
        "Diluted EPS": -0.36,
        "Basic EPS": -0.36,
        "Diluted NI Availto Com Stockholders": -29871000.0,
        "Net Income Common Stockholders": -29871000.0,
        "Net Income": -29871000.0,
        "Net Income Including Noncontrolling Interests": -29871000.0,
        "Net Income Continuous Operations": -29871000.0,
        "Tax Provision": 24000.0,
        "Pretax Income": -29847000.0,
        "Other Non Operating Income Expenses": 2260000.0,
        "Special Income Charges": 0.0,
        "Restructuring And Mergern Acquisition": 0.0,
        "Gain On Sale Of Security": -56844000.0,
        "Selling General And Administration": 203224000.0,
        "Selling And Marketing Expense": 105212000.0,
        "General And Administrative Expense": 98012000.0,
        "Other Gand A": 46940000.0,
        "Salaries And Wages": 51072000.0,
        "Total Revenue": 228162000.0,
        "Operating Revenue": 228162000.0
    },
    "2022-03-31": {
        "Diluted EPS": 0.34,
        "Total Revenue": 310,
        "Gross Profit": 262,
        "Operating Income": 35,
        "EBIT": 38,
        "Net Income": 33
    },
    "2021-12-31": {
        "Diluted EPS": 0.63,
        "Total Revenue": 305,
        "Gross Profit": 264,
        "Operating Income": 60,
        "EBIT": 63,
        "Net Income": 59
    },
    "2021-09-30": {
        "Diluted EPS": 0.3,
        "Total Revenue": 228,
        "Gross Profit": 193,
        "Operating Income": 29,
        "EBIT": 31,
        "Net Income": 29
    },
    "2021-06-30": {
        "Diluted EPS": 0.39,
        "Total Revenue": 194,
        "Gross Profit": 170,
        "Operating Income": 36,
        "EBIT": 38,
        "Net Income": 37
    },
    "2021-03-31": {
        "Diluted EPS": 0.11,
        "Total Revenue": 121,
        "Gross Profit": 104,
        "Operating Income": 16,
        "EBIT": 16,
        "Net Income": 10
    },
    "2020-12-31": {
        "Diluted EPS": 0.0,
        "Total Revenue": 87,
        "Gross Profit": 74,
        "Operating Income": 10,
        "EBIT": 11,
        "Net Income": 1
    },
    "2020-09-30": {
        "Diluted EPS": 0.1,
        "Total Revenue": 65,
        "Gross Profit": 56,
        "Operating Income": 12,
        "EBIT": 13,
        "Net Income": 3
    },
    "2020-06-30": {
        "Diluted EPS": -0.42,
        "Total Revenue": 17,
        "Gross Profit": 11,
        "Operating Income": -11,
        "EBIT": -11,
        "Net Income": -6
    },
    "2020-03-31": {
        "Diluted EPS": 0.1,
        "Total Revenue": 64,
        "Gross Profit": 55,
        "Operating Income": 1,
        "EBIT": 1,
        "Net Income": 1
    },
    "2019-12-31": {
        "Diluted EPS": 0.0,
        "Total Revenue": NaN,
        "Gross Profit": NaN,
        "Operating Income": NaN,
        "EBIT": NaN,
        "Net Income": NaN
    },
    "2018-12-31": {
        "Diluted EPS": 0.0,
        "Total Revenue": NaN,
        "Gross Profit": NaN,
        "Operating Income": NaN,
        "EBIT": NaN,
        "Net Income": NaN
    },
    "2023-06-30": {
        "Tax Effect Of Unusual Items": 0.0,
        "Tax Rate For Calcs": 0.21,
        "Total Unusual Items": 0.0,
        "Total Unusual Items Excluding Goodwill": 0.0,
        "Net Income From Continuing Operation Net Minority Interest": -28165000.0,
        "Reconciled Depreciation": 4425000.0,
        "Net Interest Income": 29634000.0,
        "Interest Expense": 4282000.0,
        "Interest Income": 33916000.0,
        "Normalized Income": -28165000.0,
        "Net Income From Continuing And Discontinued Operation": -28165000.0,
        "Diluted Average Shares": 83130638.0,
        "Basic Average Shares": 83130638.0,
        "Diluted EPS": -0.34,
        "Basic EPS": -0.34,
        "Diluted NI Availto Com Stockholders": -28165000.0,
        "Net Income Common Stockholders": -28165000.0,
        "Net Income": -28165000.0,
        "Net Income Including Noncontrolling Interests": -28165000.0,
        "Net Income Continuous Operations": -28165000.0,
        "Tax Provision": 18000.0,
        "Pretax Income": -28147000.0,
        "Other Non Operating Income Expenses": 5197000.0,
        "Special Income Charges": 0.0,
        "Restructuring And Mergern Acquisition": 0.0,
        "Gain On Sale Of Security": -37557000.0,
        "Selling General And Administration": 111136000.0,
        "Selling And Marketing Expense": 23891000.0,
        "General And Administrative Expense": 87245000.0,
        "Other Gand A": 50448000.0,
        "Salaries And Wages": 36797000.0,
        "Total Revenue": 135766000.0,
        "Operating Revenue": 135766000.0,
        "Other Non Interest Expense": 57974000.0
    },
    "2023-09-30": {
        "Tax Effect Of Unusual Items": 0.0,
        "Tax Rate For Calcs": 0.21,
        "Total Unusual Items": 0.0,
        "Total Unusual Items Excluding Goodwill": 0.0,
        "Net Income From Continuing Operation Net Minority Interest": -40315000.0,
        "Reconciled Depreciation": 4934000.0,
        "Net Interest Income": 28278000.0,
        "Interest Expense": 9414000.0,
        "Interest Income": 37692000.0,
        "Normalized Income": -40315000.0,
        "Net Income From Continuing And Discontinued Operation": -40315000.0,
        "Diluted Average Shares": 84404966.0,
        "Basic Average Shares": 84404966.0,
        "Diluted EPS": -0.48,
        "Basic EPS": -0.48,
        "Diluted NI Availto Com Stockholders": -40315000.0,
        "Net Income Common Stockholders": -40315000.0,
        "Net Income": -40315000.0,
        "Net Income Including Noncontrolling Interests": -40315000.0,
        "Net Income Continuous Operations": -40315000.0,
        "Tax Provision": 10000.0,
        "Pretax Income": -40305000.0,
        "Other Non Operating Income Expenses": 3540000.0,
        "Special Income Charges": 0.0,
        "Restructuring And Mergern Acquisition": 0.0,
        "Gain On Sale Of Security": -40476000.0,
        "Selling General And Administration": 123461000.0,
        "Selling And Marketing Expense": 33042000.0,
        "General And Administrative Expense": 90419000.0,
        "Other Gand A": 53505000.0,
        "Salaries And Wages": 36914000.0,
        "Total Revenue": 134557000.0,
        "Operating Revenue": 134557000.0,
        "Other Non Interest Expense": 54941000.0
    },
    "2023-12-31": {
        "Tax Effect Of Unusual Items": 154770.0,
        "Tax Rate For Calcs": 0.21,
        "Total Unusual Items": 737000.0,
        "Total Unusual Items Excluding Goodwill": 737000.0,
        "Net Income From Continuing Operation Net Minority Interest": -42398000.0,
        "Reconciled Depreciation": 9103000.0,
        "Net Interest Income": 38007000.0,
        "Interest Expense": 14066000.0,
        "Interest Income": 52073000.0,
        "Normalized Income": -42980230.0,
        "Net Income From Continuing And Discontinued Operation": -42398000.0,
        "Diluted Average Shares": 85569351.0,
        "Basic Average Shares": 85569351.0,
        "Diluted EPS": -0.5,
        "Basic EPS": -0.5,
        "Diluted NI Availto Com Stockholders": -42398000.0,
        "Net Income Common Stockholders": -42398000.0,
        "Net Income": -42398000.0,
        "Net Income Including Noncontrolling Interests": -42398000.0,
        "Net Income Continuous Operations": -42398000.0,
        "Tax Provision": 63000.0,
        "Pretax Income": -42335000.0,
        "Other Non Operating Income Expenses": 9872000.0,
        "Special Income Charges": 737000.0,
        "Restructuring And Mergern Acquisition": 0.0,
        "Gain On Sale Of Security": -77502000.0,
        "Selling General And Administration": 130661000.0,
        "Selling And Marketing Expense": 38772000.0,
        "General And Administrative Expense": 91889000.0,
        "Other Gand A": 55772000.0,
        "Salaries And Wages": 36117000.0,
        "Total Revenue": 134869000.0,
        "Operating Revenue": 134869000.0,
        "Other Non Interest Expense": 57152000.0
    },
    "2024-03-31": {
        "Tax Effect Of Unusual Items": 0.0,
        "Tax Rate For Calcs": 0.21,
        "Total Unusual Items": 0.0,
        "Total Unusual Items Excluding Goodwill": 0.0,
        "Net Income From Continuing Operation Net Minority Interest": -64598000.0,
        "Reconciled Depreciation": 5632000.0,
        "Net Interest Income": 40457000.0,
        "Interest Expense": 10714000.0,
        "Interest Income": 51171000.0,
        "Normalized Income": -64598000.0,
        "Net Income From Continuing And Discontinued Operation": -64598000.0,
        "Diluted Average Shares": 87030695.0,
        "Basic Average Shares": 87030695.0,
        "Diluted EPS": -0.74,
        "Basic EPS": -0.74,
        "Diluted NI Availto Com Stockholders": -64598000.0,
        "Net Income Common Stockholders": -64598000.0,
        "Net Income": -64598000.0,
        "Net Income Including Noncontrolling Interests": -64598000.0,
        "Net Income Continuous Operations": -64598000.0,
        "Tax Provision": 14000.0,
        "Pretax Income": -64584000.0,
        "Other Non Operating Income Expenses": 2884000.0,
        "Special Income Charges": 0.0,
        "Restructuring And Mergern Acquisition": 0.0,
        "Gain On Sale Of Security": -43627000.0,
        "Selling General And Administration": 132171000.0,
        "Selling And Marketing Expense": 35150000.0,
        "General And Administrative Expense": 97021000.0,
        "Other Gand A": 57613000.0,
        "Salaries And Wages": 39408000.0,
        "Total Revenue": 127794000.0,
        "Operating Revenue": 127794000.0,
        "Other Non Interest Expense": 63091000.0
    },
    "2024-06-30": {
        "Tax Effect Of Unusual Items": -793380.0,
        "Tax Rate For Calcs": 0.21,
        "Total Unusual Items": -3778000.0,
        "Total Unusual Items Excluding Goodwill": -3778000.0,
        "Net Income From Continuing Operation Net Minority Interest": -54470000.0,
        "Reconciled Depreciation": 4828000.0,
        "Net Interest Income": 41413000.0,
        "Interest Expense": 11470000.0,
        "Interest Income": 52883000.0,
        "Normalized Income": -51485380.0,
        "Net Income From Continuing And Discontinued Operation": -54470000.0,
        "Diluted Average Shares": 88435893.0,
        "Basic Average Shares": 88435893.0,
        "Diluted EPS": -0.62,
        "Basic EPS": -0.62,
        "Diluted NI Availto Com Stockholders": -54470000.0,
        "Net Income Common Stockholders": -54470000.0,
        "Net Income": -54470000.0,
        "Net Income Including Noncontrolling Interests": -54470000.0,
        "Net Income Continuous Operations": -54470000.0,
        "Tax Provision": 15000.0,
        "Pretax Income": -54455000.0,
        "Other Non Operating Income Expenses": 1031000.0,
        "Special Income Charges": -3778000.0,
        "Restructuring And Mergern Acquisition": 3778000.0,
        "Gain On Sale Of Security": -44315000.0,
        "Selling General And Administration": 124663000.0,
        "Selling And Marketing Expense": 32958000.0,
        "General And Administrative Expense": 91705000.0,
        "Other Gand A": 53021000.0,
        "Salaries And Wages": 38684000.0,
        "Total Revenue": 127630000.0,
        "Operating Revenue": 127630000.0,
        "Other Non Interest Expense": 54675000.0
    },
    "2024-09-30": {
        "Tax Effect Of Unusual Items": 7005810.0,
        "Tax Rate For Calcs": 0.21,
        "Total Unusual Items": 33361000.0,
        "Total Unusual Items Excluding Goodwill": 33361000.0,
        "Net Income From Continuing Operation Net Minority Interest": -6758000.0,
        "Reconciled Depreciation": 5390000.0,
        "Net Interest Income": 30027000.0,
        "Interest Expense": 10818000.0,
        "Interest Income": 40845000.0,
        "Normalized Income": -33113190.0,
        "Net Income From Continuing And Discontinued Operation": -6758000.0,
        "Diluted Average Shares": 90119481.0,
        "Basic Average Shares": 90119481.0,
        "Diluted EPS": -0.07,
        "Basic EPS": -0.07,
        "Diluted NI Availto Com Stockholders": -6758000.0,
        "Net Income Common Stockholders": -6758000.0,
        "Net Income": -6758000.0,
        "Net Income Including Noncontrolling Interests": -6758000.0,
        "Net Income Continuous Operations": -6758000.0,
        "Tax Provision": 45000.0,
        "Pretax Income": -6713000.0,
        "Other Non Operating Income Expenses": 5078000.0,
        "Special Income Charges": 33361000.0,
        "Restructuring And Mergern Acquisition": 0.0,
        "Gain On Sale Of Security": -35477000.0,
        "Selling General And Administration": 142405000.0,
        "Selling And Marketing Expense": 43229000.0,
        "General And Administrative Expense": 99176000.0,
        "Other Gand A": 59874000.0,
        "Salaries And Wages": 39302000.0,
        "Total Revenue": 162140000.0,
        "Operating Revenue": 162140000.0,
        "Other Non Interest Expense": 64887000.0
    }
}