{
    "2023-04-30": {
        "Tax Effect Of Unusual Items": 0.0,
        "Tax Rate For Calcs": 0.271,
        "Normalized EBITDA": 95262000.0,
        "Net Income From Continuing Operation Net Minority Interest": 52817000.0,
        "Reconciled Depreciation": 23879000.0,
        "Reconciled Cost Of Revenue": 742443000.0,
        "EBITDA": 95262000.0,
        "EBIT": 71383000.0,
        "Normalized Income": 52817000.0,
        "Net Income From Continuing And Discontinued Operation": 52817000.0,
        "Total Expenses": 1042291000.0,
        "Total Operating Income As Reported": 71383000.0,
        "Diluted Average Shares": 93821292.0,
        "Basic Average Shares": 92474688.0,
        "Diluted EPS": 0.56,
        "Basic EPS": 0.57,
        "Diluted NI Availto Com Stockholders": 52817000.0,
        "Net Income Common Stockholders": 52817000.0,
        "Net Income": 52817000.0,
        "Net Income Including Noncontrolling Interests": 52817000.0,
        "Net Income Continuous Operations": 52817000.0,
        "Tax Provision": 19585000.0,
        "Pretax Income": 72402000.0,
        "Other Income Expense": 1019000.0,
        "Other Non Operating Income Expenses": 1019000.0,
        "Operating Income": 71383000.0,
        "Operating Expense": 299848000.0,
        "Selling General And Administration": 299848000.0,
        "Gross Profit": 371231000.0,
        "Cost Of Revenue": 742443000.0,
        "Total Revenue": 1113674000.0,
        "Operating Revenue": 1113674000.0
    },
    "2023-01-31": {
        "Tax Effect Of Unusual Items": 0.0,
        "Tax Rate For Calcs": 0.235914,
        "Normalized EBITDA": 58031000.0,
        "Net Income From Continuing Operation Net Minority Interest": 31462000.0,
        "Reconciled Depreciation": 24810000.0,
        "Reconciled Cost Of Revenue": 1012253000.0,
        "EBITDA": 58031000.0,
        "EBIT": 33221000.0,
        "Normalized Income": 31462000.0,
        "Net Income From Continuing And Discontinued Operation": 31462000.0,
        "Total Expenses": 1347323000.0,
        "Total Operating Income As Reported": 37250000.0,
        "Diluted Average Shares": 93619121.0,
        "Basic Average Shares": 92178462.0,
        "Diluted EPS": 0.34,
        "Basic EPS": 0.34,
        "Diluted NI Availto Com Stockholders": 31462000.0,
        "Net Income Common Stockholders": 31462000.0,
        "Net Income": 31462000.0,
        "Net Income Including Noncontrolling Interests": 31462000.0,
        "Net Income Continuous Operations": 31462000.0,
        "Tax Provision": 9714000.0,
        "Pretax Income": 41176000.0,
        "Other Income Expense": 3200000.0,
        "Other Non Operating Income Expenses": 3200000.0,
        "Operating Income": 37250000.0,
        "Operating Expense": 335070000.0,
        "Selling General And Administration": 335070000.0,
        "Gross Profit": 372320000.0,
        "Cost Of Revenue": 1012253000.0,
        "Total Revenue": 1384573000.0,
        "Operating Revenue": 1384573000.0
    },
    "2022-10-31": {
        "Tax Effect Of Unusual Items": 0.0,
        "Tax Rate For Calcs": 0.288,
        "Normalized EBITDA": 82464000.0,
        "Net Income From Continuing Operation Net Minority Interest": 37231000.0,
        "Reconciled Depreciation": 25146000.0,
        "Reconciled Cost Of Revenue": 818306000.0,
        "EBITDA": 82464000.0,
        "EBIT": 57318000.0,
        "Normalized Income": 37231000.0,
        "Net Income From Continuing And Discontinued Operation": 37231000.0,
        "Total Expenses": 1118031000.0,
        "Total Operating Income As Reported": 57318000.0,
        "Diluted Average Shares": 93036066.0,
        "Basic Average Shares": 92174160.0,
        "Diluted EPS": 0.4,
        "Basic EPS": 0.4,
        "Diluted NI Availto Com Stockholders": 37231000.0,
        "Net Income Common Stockholders": 37231000.0,
        "Net Income": 37231000.0,
        "Net Income Including Noncontrolling Interests": 37231000.0,
        "Net Income Continuous Operations": 37231000.0,
        "Tax Provision": 15068000.0,
        "Pretax Income": 52299000.0,
        "Other Income Expense": -5019000.0,
        "Other Non Operating Income Expenses": -5019000.0,
        "Operating Income": 57318000.0,
        "Operating Expense": 299725000.0,
        "Selling General And Administration": 299725000.0,
        "Gross Profit": 357043000.0,
        "Cost Of Revenue": 818306000.0,
        "Total Revenue": 1175349000.0,
        "Operating Revenue": 1175349000.0
    },
    "2022-07-31": {
        "Tax Effect Of Unusual Items": 0.0,
        "Tax Rate For Calcs": 0.288,
        "Normalized EBITDA": 111499000.0,
        "Net Income From Continuing Operation Net Minority Interest": 59473000.0,
        "Reconciled Depreciation": 25681000.0,
        "Reconciled Cost Of Revenue": 808836000.0,
        "EBITDA": 111499000.0,
        "EBIT": 85818000.0,
        "Normalized Income": 59473000.0,
        "Net Income From Continuing And Discontinued Operation": 59473000.0,
        "Total Expenses": 1097570000.0,
        "Total Operating Income As Reported": 85818000.0,
        "Diluted Average Shares": 93648214.0,
        "Basic Average Shares": 93041310.0,
        "Diluted EPS": 0.64,
        "Basic EPS": 0.64,
        "Diluted NI Availto Com Stockholders": 59473000.0,
        "Net Income Common Stockholders": 59473000.0,
        "Net Income": 59473000.0,
        "Net Income Including Noncontrolling Interests": 59473000.0,
        "Net Income Continuous Operations": 59473000.0,
        "Tax Provision": 24083000.0,
        "Pretax Income": 83556000.0,
        "Other Income Expense": -2262000.0,
        "Other Non Operating Income Expenses": -2262000.0,
        "Operating Income": 85818000.0,
        "Operating Expense": 288734000.0,
        "Selling General And Administration": 288734000.0,
        "Gross Profit": 374552000.0,
        "Cost Of Revenue": 808836000.0,
        "Total Revenue": 1183388000.0,
        "Operating Revenue": 1183388000.0
    },
    "2022-04-30": {
        "Diluted EPS": 0.33,
        "Total Revenue": NaN,
        "Gross Profit": 323,
        "Operating Income": 46,
        "EBIT": 73,
        "Net Income": 32
    },
    "2022-01-31": {
        "Diluted EPS": 0.42,
        "Total Revenue": NaN,
        "Gross Profit": 367,
        "Operating Income": 53,
        "EBIT": 81,
        "Net Income": 41
    },
    "2021-10-31": {
        "Diluted EPS": 0.89,
        "Total Revenue": NaN,
        "Gross Profit": 391,
        "Operating Income": 116,
        "EBIT": 143,
        "Net Income": 89
    },
    "2021-07-31": {
        "Diluted EPS": 1.28,
        "Total Revenue": NaN,
        "Gross Profit": 435,
        "Operating Income": 166,
        "EBIT": 191,
        "Net Income": 127
    },
    "2021-04-30": {
        "Diluted EPS": 0.54,
        "Total Revenue": 927,
        "Gross Profit": 301,
        "Operating Income": 74,
        "EBIT": 99,
        "Net Income": 54
    },
    "2021-01-31": {
        "Diluted EPS": 0.29,
        "Total Revenue": NaN,
        "Gross Profit": 289,
        "Operating Income": 35,
        "EBIT": 60,
        "Net Income": 29
    },
    "2020-10-31": {
        "Diluted EPS": 0.78,
        "Total Revenue": 970,
        "Gross Profit": 323,
        "Operating Income": 99,
        "EBIT": 123,
        "Net Income": 77
    },
    "2020-07-31": {
        "Diluted EPS": 0.35,
        "Total Revenue": 803,
        "Gross Profit": 238,
        "Operating Income": 69,
        "EBIT": 95,
        "Net Income": 34
    },
    "2020-04-30": {
        "Diluted EPS": -1.41,
        "Total Revenue": 588,
        "Gross Profit": 12,
        "Operating Income": -199,
        "EBIT": -171,
        "Net Income": -138
    },
    "2020-01-31": {
        "Diluted EPS": 0.19,
        "Total Revenue": NaN,
        "Gross Profit": 334,
        "Operating Income": 39,
        "EBIT": 81,
        "Net Income": 20
    },
    "2019-10-31": {
        "Diluted EPS": 0.56,
        "Total Revenue": 987,
        "Gross Profit": 321,
        "Operating Income": 75,
        "EBIT": 103,
        "Net Income": 56
    },
    "2019-07-31": {
        "Diluted EPS": 0.61,
        "Total Revenue": 962,
        "Gross Profit": 316,
        "Operating Income": 78,
        "EBIT": 106,
        "Net Income": 60
    },
    "2019-04-30": {
        "Diluted EPS": 0.31,
        "Total Revenue": 864,
        "Gross Profit": 269,
        "Operating Income": 40,
        "EBIT": 68,
        "Net Income": 33
    },
    "2019-01-31": {
        "Diluted EPS": 0.8,
        "Total Revenue": NaN,
        "Gross Profit": 373,
        "Operating Income": 114,
        "EBIT": 143,
        "Net Income": 86
    },
    "2018-10-31": {
        "Diluted EPS": 0.7,
        "Total Revenue": 974,
        "Gross Profit": 338,
        "Operating Income": 96,
        "EBIT": 126,
        "Net Income": 78
    },
    "2018-07-31": {
        "Diluted EPS": 0.84,
        "Total Revenue": 992,
        "Gross Profit": 356,
        "Operating Income": 117,
        "EBIT": 147,
        "Net Income": 93
    },
    "2018-04-30": {
        "Diluted EPS": 0.38,
        "Total Revenue": 856,
        "Gross Profit": 281,
        "Operating Income": 54,
        "EBIT": 84,
        "Net Income": 41
    },
    "2018-01-31": {
        "Diluted EPS": 0.01,
        "Total Revenue": NaN,
        "Gross Profit": 341,
        "Operating Income": 91,
        "EBIT": 122,
        "Net Income": 1
    },
    "2017-10-31": {
        "Diluted EPS": 0.41,
        "Total Revenue": 893,
        "Gross Profit": 298,
        "Operating Income": 73,
        "EBIT": 105,
        "Net Income": 45
    },
    "2017-07-31": {
        "Diluted EPS": 0.44,
        "Total Revenue": 873,
        "Gross Profit": 297,
        "Operating Income": 75,
        "EBIT": 108,
        "Net Income": 50
    },
    "2017-04-30": {
        "Diluted EPS": 0.1,
        "Total Revenue": 761,
        "Gross Profit": 240,
        "Operating Income": 21,
        "EBIT": 53,
        "Net Income": 12
    },
    "2017-01-31": {
        "Diluted EPS": 0.55,
        "Total Revenue": NaN,
        "Gross Profit": 340,
        "Operating Income": 100,
        "EBIT": 134,
        "Net Income": 64
    },
    "2016-10-31": {
        "Diluted EPS": 0.4,
        "Total Revenue": 862,
        "Gross Profit": 300,
        "Operating Income": 70,
        "EBIT": 103,
        "Net Income": 47
    },
    "2016-07-31": {
        "Diluted EPS": 0.66,
        "Total Revenue": 891,
        "Gross Profit": 343,
        "Operating Income": 118,
        "EBIT": 152,
        "Net Income": 77
    },
    "2016-04-30": {
        "Diluted EPS": 0.25,
        "Total Revenue": 763,
        "Gross Profit": 262,
        "Operating Income": 50,
        "EBIT": 85,
        "Net Income": 30
    },
    "2016-01-31": {
        "Diluted EPS": 0.59,
        "Total Revenue": NaN,
        "Gross Profit": 349,
        "Operating Income": 116,
        "EBIT": 152,
        "Net Income": 73
    },
    "2015-10-31": {
        "Diluted EPS": 0.42,
        "Total Revenue": 825,
        "Gross Profit": 288,
        "Operating Income": 80,
        "EBIT": 116,
        "Net Income": 52
    },
    "2015-07-31": {
        "Diluted EPS": 0.52,
        "Total Revenue": 867,
        "Gross Profit": 318,
        "Operating Income": 104,
        "EBIT": 140,
        "Net Income": 67
    },
    "2015-04-30": {
        "Diluted EPS": 0.25,
        "Total Revenue": 739,
        "Gross Profit": 246,
        "Operating Income": 53,
        "EBIT": 88,
        "Net Income": 33
    },
    "2015-01-31": {
        "Diluted EPS": 0.58,
        "Total Revenue": NaN,
        "Gross Profit": 350,
        "Operating Income": 124,
        "EBIT": 159,
        "Net Income": 80
    },
    "2014-10-31": {
        "Diluted EPS": 0.35,
        "Total Revenue": 814,
        "Gross Profit": 284,
        "Operating Income": 76,
        "EBIT": 111,
        "Net Income": 47
    },
    "2014-07-31": {
        "Diluted EPS": 0.49,
        "Total Revenue": 811,
        "Gross Profit": 303,
        "Operating Income": 105,
        "EBIT": 140,
        "Net Income": 68
    },
    "2014-04-30": {
        "Diluted EPS": 0.26,
        "Total Revenue": 686,
        "Gross Profit": 239,
        "Operating Income": 60,
        "EBIT": 94,
        "Net Income": 37
    },
    "2014-01-31": {
        "Diluted EPS": 0.59,
        "Total Revenue": 906,
        "Gross Profit": 332,
        "Operating Income": 129,
        "EBIT": 164,
        "Net Income": 89
    },
    "2013-10-31": {
        "Diluted EPS": 0.47,
        "Total Revenue": 774,
        "Gross Profit": 292,
        "Operating Income": 105,
        "EBIT": 139,
        "Net Income": 70
    },
    "2013-07-31": {
        "Diluted EPS": 0.51,
        "Total Revenue": 759,
        "Gross Profit": 298,
        "Operating Income": 119,
        "EBIT": 152,
        "Net Income": 76
    },
    "2013-04-30": {
        "Diluted EPS": 0.32,
        "Total Revenue": 648,
        "Gross Profit": 239,
        "Operating Income": 73,
        "EBIT": 105,
        "Net Income": 47
    },
    "2013-01-31": {
        "Diluted EPS": 0.57,
        "Total Revenue": 857,
        "Gross Profit": 314,
        "Operating Income": 132,
        "EBIT": 163,
        "Net Income": 83
    },
    "2012-10-31": {
        "Diluted EPS": 0.4,
        "Total Revenue": 693,
        "Gross Profit": 261,
        "Operating Income": 94,
        "EBIT": 124,
        "Net Income": 60
    },
    "2012-07-31": {
        "Diluted EPS": 0.42,
        "Total Revenue": 676,
        "Gross Profit": 255,
        "Operating Income": 96,
        "EBIT": 125,
        "Net Income": 61
    },
    "2012-04-30": {
        "Diluted EPS": 0.23,
        "Total Revenue": 569,
        "Gross Profit": 202,
        "Operating Income": 53,
        "EBIT": 81,
        "Net Income": 34
    },
    "2012-01-31": {
        "Diluted EPS": 0.28,
        "Total Revenue": 731,
        "Gross Profit": 220,
        "Operating Income": 65,
        "EBIT": 92,
        "Net Income": 39
    },
    "2011-10-31": {
        "Diluted EPS": 0.33,
        "Total Revenue": 610,
        "Gross Profit": 216,
        "Operating Income": 73,
        "EBIT": 101,
        "Net Income": 51
    },
    "2011-07-31": {
        "Diluted EPS": 0.35,
        "Total Revenue": 609,
        "Gross Profit": 231,
        "Operating Income": 88,
        "EBIT": 115,
        "Net Income": 57
    },
    "2011-04-30": {
        "Diluted EPS": 0.23,
        "Total Revenue": 524,
        "Gross Profit": 193,
        "Operating Income": 59,
        "EBIT": 85,
        "Net Income": 39
    },
    "2011-01-31": {
        "Diluted EPS": 0.44,
        "Total Revenue": 668,
        "Gross Profit": 265,
        "Operating Income": 120,
        "EBIT": 147,
        "Net Income": 75
    },
    "2010-10-31": {
        "Diluted EPS": 0.43,
        "Total Revenue": 574,
        "Gross Profit": 236,
        "Operating Income": 105,
        "EBIT": 131,
        "Net Income": 73
    },
    "2010-07-31": {
        "Diluted EPS": 0.42,
        "Total Revenue": 552,
        "Gross Profit": 235,
        "Operating Income": 107,
        "EBIT": 132,
        "Net Income": 72
    },
    "2010-04-30": {
        "Diluted EPS": 0.31,
        "Total Revenue": 480,
        "Gross Profit": 201,
        "Operating Income": 82,
        "EBIT": 107,
        "Net Income": 53
    },
    "2010-01-31": {
        "Diluted EPS": 0.45,
        "Total Revenue": 588,
        "Gross Profit": 246,
        "Operating Income": 119,
        "EBIT": 142,
        "Net Income": 78
    },
    "2009-10-31": {
        "Diluted EPS": 0.36,
        "Total Revenue": 506,
        "Gross Profit": 210,
        "Operating Income": 96,
        "EBIT": 119,
        "Net Income": 62
    },
    "2009-07-31": {
        "Diluted EPS": 0.29,
        "Total Revenue": 459,
        "Gross Profit": 187,
        "Operating Income": 78,
        "EBIT": 101,
        "Net Income": 49
    },
    "2009-04-30": {
        "Diluted EPS": 0.18,
        "Total Revenue": 385,
        "Gross Profit": 143,
        "Operating Income": 46,
        "EBIT": 68,
        "Net Income": 31
    },
    "2009-01-31": {
        "Diluted EPS": 0.24,
        "Total Revenue": 508,
        "Gross Profit": 173,
        "Operating Income": 63,
        "EBIT": 84,
        "Net Income": 41
    },
    "2023-07-31": {
        "Tax Effect Of Unusual Items": 0.0,
        "Tax Rate For Calcs": 0.232,
        "Normalized EBITDA": 155690000.0,
        "Net Income From Continuing Operation Net Minority Interest": 104092000.0,
        "Reconciled Depreciation": 23592000.0,
        "Reconciled Cost Of Revenue": 816614000.0,
        "EBITDA": 155690000.0,
        "EBIT": 132098000.0,
        "Normalized Income": 104092000.0,
        "Net Income From Continuing And Discontinued Operation": 104092000.0,
        "Total Expenses": 1140097000.0,
        "Total Operating Income As Reported": 132098000.0,
        "Diluted Average Shares": 94228185.0,
        "Basic Average Shares": 92741888.0,
        "Diluted EPS": 1.1,
        "Basic EPS": 1.12,
        "Diluted NI Availto Com Stockholders": 104092000.0,
        "Net Income Common Stockholders": 104092000.0,
        "Net Income": 104092000.0,
        "Net Income Including Noncontrolling Interests": 104092000.0,
        "Net Income Continuous Operations": 104092000.0,
        "Tax Provision": 31405000.0,
        "Pretax Income": 135497000.0,
        "Other Income Expense": 3399000.0,
        "Other Non Operating Income Expenses": 3399000.0,
        "Operating Income": 132098000.0,
        "Operating Expense": 323483000.0,
        "Selling General And Administration": 323483000.0,
        "Gross Profit": 455581000.0,
        "Cost Of Revenue": 816614000.0,
        "Total Revenue": 1272195000.0,
        "Operating Revenue": 1272195000.0
    },
    "2023-10-31": {
        "Tax Effect Of Unusual Items": 0.0,
        "Tax Rate For Calcs": 0.243,
        "Normalized EBITDA": 136793000.0,
        "Net Income From Continuing Operation Net Minority Interest": 83014000.0,
        "Reconciled Depreciation": 27815000.0,
        "Reconciled Cost Of Revenue": 826767000.0,
        "EBITDA": 136793000.0,
        "EBIT": 108978000.0,
        "Normalized Income": 83014000.0,
        "Net Income From Continuing And Discontinued Operation": 83014000.0,
        "Total Expenses": 1172196000.0,
        "Total Operating Income As Reported": 108978000.0,
        "Diluted Average Shares": 94448376.0,
        "Basic Average Shares": 92780736.0,
        "Diluted EPS": 0.88,
        "Basic EPS": 0.89,
        "Diluted NI Availto Com Stockholders": 83014000.0,
        "Net Income Common Stockholders": 83014000.0,
        "Net Income": 83014000.0,
        "Net Income Including Noncontrolling Interests": 83014000.0,
        "Net Income Continuous Operations": 83014000.0,
        "Tax Provision": 26669000.0,
        "Pretax Income": 109683000.0,
        "Other Income Expense": 705000.0,
        "Other Non Operating Income Expenses": 705000.0,
        "Operating Income": 108978000.0,
        "Operating Expense": 345429000.0,
        "Selling General And Administration": 345429000.0,
        "Gross Profit": 454407000.0,
        "Cost Of Revenue": 826767000.0,
        "Total Revenue": 1281174000.0,
        "Operating Revenue": 1281174000.0
    },
    "2024-01-31": {
        "Tax Effect Of Unusual Items": 0.0,
        "Tax Rate For Calcs": 0.254182,
        "Normalized EBITDA": 104011000.0,
        "Net Income From Continuing Operation Net Minority Interest": 47751000.0,
        "Reconciled Depreciation": 27201000.0,
        "Reconciled Cost Of Revenue": 1052009000.0,
        "EBITDA": 104011000.0,
        "EBIT": 76810000.0,
        "Normalized Income": 47751000.0,
        "Net Income From Continuing And Discontinued Operation": 47751000.0,
        "Total Expenses": 1422454000.0,
        "Total Operating Income As Reported": 57336000.0,
        "Diluted Average Shares": 94805976.0,
        "Basic Average Shares": 92786380.0,
        "Diluted EPS": 0.5,
        "Basic EPS": 0.51,
        "Diluted NI Availto Com Stockholders": 47751000.0,
        "Net Income Common Stockholders": 47751000.0,
        "Net Income": 47751000.0,
        "Net Income Including Noncontrolling Interests": 47751000.0,
        "Net Income Continuous Operations": 47751000.0,
        "Tax Provision": 16274000.0,
        "Pretax Income": 64025000.0,
        "Other Income Expense": -15684000.0,
        "Other Non Operating Income Expenses": -9280000.0,
        "Operating Income": 63740000.0,
        "Operating Expense": 370445000.0,
        "Selling General And Administration": 370445000.0,
        "Gross Profit": 434185000.0,
        "Cost Of Revenue": 1052009000.0,
        "Total Revenue": 1486194000.0,
        "Operating Revenue": 1486194000.0
    }
}