{
    "2023-06-30": {
        "Tax Effect Of Unusual Items": -4212000.0,
        "Tax Rate For Calcs": 0.234,
        "Normalized EBITDA": 1647000000.0,
        "Total Unusual Items": -18000000.0,
        "Total Unusual Items Excluding Goodwill": -18000000.0,
        "Net Income From Continuing Operation Net Minority Interest": 591000000.0,
        "Reconciled Depreciation": 696000000.0,
        "Reconciled Cost Of Revenue": 1537000000.0,
        "EBITDA": 1629000000.0,
        "EBIT": 933000000.0,
        "Net Interest Income": -161000000.0,
        "Interest Expense": 161000000.0,
        "Normalized Income": 604788000.0,
        "Net Income From Continuing And Discontinued Operation": 591000000.0,
        "Total Expenses": 2611000000.0,
        "Total Operating Income As Reported": 925000000.0,
        "Diluted NI Availto Com Stockholders": 591000000.0,
        "Net Income Common Stockholders": 591000000.0,
        "Net Income": 591000000.0,
        "Net Income Including Noncontrolling Interests": 591000000.0,
        "Net Income Continuous Operations": 591000000.0,
        "Tax Provision": 181000000.0,
        "Pretax Income": 772000000.0,
        "Other Income Expense": -10000000.0,
        "Other Non Operating Income Expenses": 8000000.0,
        "Special Income Charges": -18000000.0,
        "Restructuring And Mergern Acquisition": 18000000.0,
        "Net Non Operating Interest Income Expense": -161000000.0,
        "Interest Expense Non Operating": 161000000.0,
        "Operating Income": 943000000.0,
        "Operating Expense": 482000000.0,
        "Depreciation Amortization Depletion Income Statement": 104000000.0,
        "Depreciation And Amortization In Income Statement": 104000000.0,
        "Selling General And Administration": 378000000.0,
        "Gross Profit": 1425000000.0,
        "Cost Of Revenue": 2129000000.0,
        "Total Revenue": 3554000000.0,
        "Operating Revenue": 3554000000.0
    },
    "2023-03-31": {
        "Tax Effect Of Unusual Items": -241000.0,
        "Tax Rate For Calcs": 0.241,
        "Normalized EBITDA": 1438000000.0,
        "Total Unusual Items": -1000000.0,
        "Total Unusual Items Excluding Goodwill": -1000000.0,
        "Net Income From Continuing Operation Net Minority Interest": 451000000.0,
        "Reconciled Depreciation": 693000000.0,
        "Reconciled Cost Of Revenue": 1469000000.0,
        "EBITDA": 1437000000.0,
        "EBIT": 744000000.0,
        "Net Interest Income": -150000000.0,
        "Interest Expense": 150000000.0,
        "Normalized Income": 451759000.0,
        "Net Income From Continuing And Discontinued Operation": 451000000.0,
        "Total Expenses": 2544000000.0,
        "Total Operating Income As Reported": 740000000.0,
        "Diluted NI Availto Com Stockholders": 451000000.0,
        "Net Income Common Stockholders": 451000000.0,
        "Net Income": 451000000.0,
        "Net Income Including Noncontrolling Interests": 451000000.0,
        "Net Income Continuous Operations": 451000000.0,
        "Tax Provision": 143000000.0,
        "Pretax Income": 594000000.0,
        "Other Income Expense": 3000000.0,
        "Other Non Operating Income Expenses": 4000000.0,
        "Special Income Charges": -1000000.0,
        "Restructuring And Mergern Acquisition": 1000000.0,
        "Net Non Operating Interest Income Expense": -150000000.0,
        "Interest Expense Non Operating": 150000000.0,
        "Operating Income": 741000000.0,
        "Operating Expense": 500000000.0,
        "Depreciation Amortization Depletion Income Statement": 118000000.0,
        "Depreciation And Amortization In Income Statement": 118000000.0,
        "Selling General And Administration": 382000000.0,
        "Gross Profit": 1241000000.0,
        "Cost Of Revenue": 2044000000.0,
        "Total Revenue": 3285000000.0,
        "Operating Revenue": 3285000000.0
    },
    "2022-12-31": {
        "Tax Effect Of Unusual Items": 0.0,
        "Tax Rate For Calcs": 0.286034,
        "Normalized EBITDA": 1604000000.0,
        "Total Unusual Items": 0.0,
        "Total Unusual Items Excluding Goodwill": 0.0,
        "Net Income From Continuing Operation Net Minority Interest": 639000000.0,
        "Reconciled Depreciation": 577000000.0,
        "Reconciled Cost Of Revenue": 1317000000.0,
        "EBITDA": 1604000000.0,
        "EBIT": 1027000000.0,
        "Net Interest Income": -132000000.0,
        "Interest Expense": 132000000.0,
        "Normalized Income": 639000000.0,
        "Net Income From Continuing And Discontinued Operation": 639000000.0,
        "Total Expenses": 2272000000.0,
        "Total Operating Income As Reported": 1024000000.0,
        "Diluted NI Availto Com Stockholders": 639000000.0,
        "Net Income Common Stockholders": 639000000.0,
        "Net Income": 639000000.0,
        "Net Income Including Noncontrolling Interests": 639000000.0,
        "Net Income Continuous Operations": 639000000.0,
        "Tax Provision": 256000000.0,
        "Pretax Income": 895000000.0,
        "Other Income Expense": 3000000.0,
        "Other Non Operating Income Expenses": 3000000.0,
        "Special Income Charges": 0.0,
        "Restructuring And Mergern Acquisition": 0.0,
        "Net Non Operating Interest Income Expense": -132000000.0,
        "Interest Expense Non Operating": 132000000.0,
        "Operating Income": 1024000000.0,
        "Operating Expense": 464000000.0,
        "Depreciation Amortization Depletion Income Statement": 86000000.0,
        "Depreciation And Amortization In Income Statement": 86000000.0,
        "Selling General And Administration": 378000000.0,
        "Gross Profit": 1488000000.0,
        "Cost Of Revenue": 1808000000.0,
        "Total Revenue": 3296000000.0,
        "Operating Revenue": 3296000000.0
    },
    "2022-09-30": {
        "Tax Effect Of Unusual Items": 257000.0,
        "Tax Rate For Calcs": 0.257,
        "Normalized EBITDA": 1481000000.0,
        "Total Unusual Items": 1000000.0,
        "Total Unusual Items Excluding Goodwill": 1000000.0,
        "Net Income From Continuing Operation Net Minority Interest": 606000000.0,
        "Reconciled Depreciation": 560000000.0,
        "Reconciled Cost Of Revenue": 1215000000.0,
        "EBITDA": 1482000000.0,
        "EBIT": 922000000.0,
        "Net Interest Income": -106000000.0,
        "Interest Expense": 106000000.0,
        "Normalized Income": 605257000.0,
        "Net Income From Continuing And Discontinued Operation": 606000000.0,
        "Total Expenses": 2131000000.0,
        "Total Operating Income As Reported": 921000000.0,
        "Diluted Average Shares": 70053000.0,
        "Basic Average Shares": 69854000.0,
        "Diluted EPS": 8.66,
        "Basic EPS": 8.69,
        "Diluted NI Availto Com Stockholders": 606000000.0,
        "Net Income Common Stockholders": 606000000.0,
        "Net Income": 606000000.0,
        "Net Income Including Noncontrolling Interests": 606000000.0,
        "Net Income Continuous Operations": 606000000.0,
        "Tax Provision": 210000000.0,
        "Pretax Income": 816000000.0,
        "Other Income Expense": 2000000.0,
        "Other Non Operating Income Expenses": 1000000.0,
        "Special Income Charges": 1000000.0,
        "Restructuring And Mergern Acquisition": -1000000.0,
        "Net Non Operating Interest Income Expense": -106000000.0,
        "Interest Expense Non Operating": 106000000.0,
        "Operating Income": 920000000.0,
        "Operating Expense": 446000000.0,
        "Depreciation Amortization Depletion Income Statement": 90000000.0,
        "Depreciation And Amortization In Income Statement": 90000000.0,
        "Selling General And Administration": 356000000.0,
        "Gross Profit": 1366000000.0,
        "Cost Of Revenue": 1685000000.0,
        "Total Revenue": 3051000000.0,
        "Operating Revenue": 3051000000.0
    },
    "2022-06-30": {
        "Tax Effect Of Unusual Items": -189000.0,
        "Tax Rate For Calcs": 0.189,
        "Normalized EBITDA": 1270000000.0,
        "Total Unusual Items": -1000000.0,
        "Total Unusual Items Excluding Goodwill": -1000000.0,
        "Net Income From Continuing Operation Net Minority Interest": 493000000.0,
        "Reconciled Depreciation": 548000000.0,
        "Reconciled Cost Of Revenue": 1164000000.0,
        "EBITDA": 1269000000.0,
        "EBIT": 721000000.0,
        "Net Interest Income": -113000000.0,
        "Interest Expense": 113000000.0,
        "Normalized Income": 493811000.0,
        "Net Income From Continuing And Discontinued Operation": 493000000.0,
        "Total Expenses": 2055000000.0,
        "Total Operating Income As Reported": 715000000.0,
        "Diluted Average Shares": 71354000.0,
        "Basic Average Shares": 71221000.0,
        "Diluted EPS": 6.9,
        "Basic EPS": 6.91,
        "Diluted NI Availto Com Stockholders": 493000000.0,
        "Net Income Common Stockholders": 493000000.0,
        "Net Income": 493000000.0,
        "Net Income Including Noncontrolling Interests": 493000000.0,
        "Net Income Continuous Operations": 493000000.0,
        "Tax Provision": 115000000.0,
        "Pretax Income": 608000000.0,
        "Other Income Expense": 5000000.0,
        "Other Non Operating Income Expenses": 6000000.0,
        "Special Income Charges": -1000000.0,
        "Restructuring And Mergern Acquisition": 1000000.0,
        "Net Non Operating Interest Income Expense": -113000000.0,
        "Interest Expense Non Operating": 113000000.0,
        "Operating Income": 716000000.0,
        "Operating Expense": 434000000.0,
        "Depreciation Amortization Depletion Income Statement": 91000000.0,
        "Depreciation And Amortization In Income Statement": 91000000.0,
        "Selling General And Administration": 343000000.0,
        "Gross Profit": 1150000000.0,
        "Cost Of Revenue": 1621000000.0,
        "Total Revenue": 2771000000.0,
        "Operating Revenue": 2771000000.0
    },
    "2022-03-31": {
        "Diluted EPS": 5.05,
        "Total Revenue": NaN,
        "Gross Profit": 992,
        "Operating Income": 572,
        "EBIT": NaN,
        "Net Income": 367
    },
    "2021-12-31": {
        "Diluted EPS": 6.59,
        "Total Revenue": NaN,
        "Gross Profit": NaN,
        "Operating Income": 745,
        "EBIT": NaN,
        "Net Income": 481
    },
    "2021-09-30": {
        "Diluted EPS": 5.63,
        "Total Revenue": NaN,
        "Gross Profit": NaN,
        "Operating Income": 679,
        "EBIT": NaN,
        "Net Income": 409
    },
    "2021-06-30": {
        "Diluted EPS": 4.02,
        "Total Revenue": NaN,
        "Gross Profit": 875,
        "Operating Income": 481,
        "EBIT": 959,
        "Net Income": 293
    },
    "2021-03-31": {
        "Diluted EPS": 2.8,
        "Total Revenue": NaN,
        "Gross Profit": 714,
        "Operating Income": 372,
        "EBIT": 841,
        "Net Income": 203
    },
    "2020-12-31": {
        "Diluted EPS": 4.07,
        "Total Revenue": NaN,
        "Gross Profit": 869,
        "Operating Income": 510,
        "EBIT": 993,
        "Net Income": 297
    },
    "2020-09-30": {
        "Diluted EPS": 2.87,
        "Total Revenue": NaN,
        "Gross Profit": 886,
        "Operating Income": 551,
        "EBIT": NaN,
        "Net Income": 208
    },
    "2020-06-30": {
        "Diluted EPS": 2.93,
        "Total Revenue": NaN,
        "Gross Profit": 701,
        "Operating Income": 381,
        "EBIT": 874,
        "Net Income": 212
    },
    "2020-03-31": {
        "Diluted EPS": 2.33,
        "Total Revenue": NaN,
        "Gross Profit": 727,
        "Operating Income": 358,
        "EBIT": 888,
        "Net Income": 173
    },
    "2019-12-31": {
        "Diluted EPS": 4.4,
        "Total Revenue": NaN,
        "Gross Profit": 965,
        "Operating Income": 599,
        "EBIT": NaN,
        "Net Income": 338
    },
    "2019-09-30": {
        "Diluted EPS": 5.08,
        "Total Revenue": NaN,
        "Gross Profit": NaN,
        "Operating Income": 656,
        "EBIT": NaN,
        "Net Income": 391
    },
    "2019-06-30": {
        "Diluted EPS": 3.44,
        "Total Revenue": NaN,
        "Gross Profit": 911,
        "Operating Income": 529,
        "EBIT": NaN,
        "Net Income": 270
    },
    "2019-03-31": {
        "Diluted EPS": 2.19,
        "Total Revenue": NaN,
        "Gross Profit": 761,
        "Operating Income": 368,
        "EBIT": 871,
        "Net Income": 175
    },
    "2018-12-31": {
        "Diluted EPS": 3.76,
        "Total Revenue": NaN,
        "Gross Profit": 998,
        "Operating Income": 563,
        "EBIT": NaN,
        "Net Income": 310
    },
    "2018-09-30": {
        "Diluted EPS": 4.01,
        "Total Revenue": NaN,
        "Gross Profit": 938,
        "Operating Income": 578,
        "EBIT": 999,
        "Net Income": 333
    },
    "2018-06-30": {
        "Diluted EPS": 3.2,
        "Total Revenue": NaN,
        "Gross Profit": 782,
        "Operating Income": 470,
        "EBIT": 863,
        "Net Income": 270
    },
    "2018-03-31": {
        "Diluted EPS": 2.15,
        "Total Revenue": NaN,
        "Gross Profit": 646,
        "Operating Income": 340,
        "EBIT": 736,
        "Net Income": 183
    },
    "2017-12-31": {
        "Diluted EPS": 10.48,
        "Total Revenue": NaN,
        "Gross Profit": 827,
        "Operating Income": 462,
        "EBIT": 855,
        "Net Income": 897
    },
    "2017-09-30": {
        "Diluted EPS": 2.33,
        "Total Revenue": NaN,
        "Gross Profit": 773,
        "Operating Income": 448,
        "EBIT": 803,
        "Net Income": 199
    },
    "2017-06-30": {
        "Diluted EPS": 1.65,
        "Total Revenue": NaN,
        "Gross Profit": 655,
        "Operating Income": 340,
        "EBIT": 672,
        "Net Income": 141
    },
    "2017-03-31": {
        "Diluted EPS": 1.27,
        "Total Revenue": NaN,
        "Gross Profit": 514,
        "Operating Income": 257,
        "EBIT": 569,
        "Net Income": 109
    },
    "2016-12-31": {
        "Diluted EPS": 1.76,
        "Total Revenue": NaN,
        "Gross Profit": 657,
        "Operating Income": 402,
        "EBIT": 722,
        "Net Income": 153
    },
    "2016-09-30": {
        "Diluted EPS": 2.16,
        "Total Revenue": NaN,
        "Gross Profit": 656,
        "Operating Income": 412,
        "EBIT": 726,
        "Net Income": 187
    },
    "2016-06-30": {
        "Diluted EPS": 1.52,
        "Total Revenue": NaN,
        "Gross Profit": 590,
        "Operating Income": 347,
        "EBIT": 655,
        "Net Income": 134
    },
    "2016-03-31": {
        "Diluted EPS": 1.01,
        "Total Revenue": NaN,
        "Gross Profit": 500,
        "Operating Income": 254,
        "EBIT": 566,
        "Net Income": 92
    },
    "2015-12-31": {
        "Diluted EPS": 1.78,
        "Total Revenue": NaN,
        "Gross Profit": 648,
        "Operating Income": 397,
        "EBIT": 717,
        "Net Income": 169
    },
    "2015-09-30": {
        "Diluted EPS": 2.25,
        "Total Revenue": NaN,
        "Gross Profit": 690,
        "Operating Income": 446,
        "EBIT": 764,
        "Net Income": 215
    },
    "2015-06-30": {
        "Diluted EPS": 0.88,
        "Total Revenue": NaN,
        "Gross Profit": 618,
        "Operating Income": 375,
        "EBIT": 684,
        "Net Income": 86
    },
    "2015-03-31": {
        "Diluted EPS": 1.16,
        "Total Revenue": NaN,
        "Gross Profit": 524,
        "Operating Income": 300,
        "EBIT": 607,
        "Net Income": 115
    },
    "2014-12-31": {
        "Diluted EPS": 1.85,
        "Total Revenue": NaN,
        "Gross Profit": 707,
        "Operating Income": 426,
        "EBIT": 741,
        "Net Income": 194
    },
    "2014-09-30": {
        "Diluted EPS": 1.84,
        "Total Revenue": NaN,
        "Gross Profit": 688,
        "Operating Income": 422,
        "EBIT": 732,
        "Net Income": 192
    },
    "2014-06-30": {
        "Diluted EPS": 0.9,
        "Total Revenue": NaN,
        "Gross Profit": 589,
        "Operating Income": 325,
        "EBIT": 629,
        "Net Income": 94
    },
    "2014-03-31": {
        "Diluted EPS": 0.56,
        "Total Revenue": NaN,
        "Gross Profit": 448,
        "Operating Income": 218,
        "EBIT": 500,
        "Net Income": 60
    },
    "2013-12-31": {
        "Diluted EPS": 1.32,
        "Total Revenue": NaN,
        "Gross Profit": 567,
        "Operating Income": 342,
        "EBIT": 631,
        "Net Income": 140
    },
    "2013-09-30": {
        "Diluted EPS": 1.35,
        "Total Revenue": NaN,
        "Gross Profit": 564,
        "Operating Income": 337,
        "EBIT": 620,
        "Net Income": 143
    },
    "2013-06-30": {
        "Diluted EPS": 0.78,
        "Total Revenue": NaN,
        "Gross Profit": 471,
        "Operating Income": 250,
        "EBIT": 525,
        "Net Income": 83
    },
    "2013-03-31": {
        "Diluted EPS": 0.19,
        "Total Revenue": NaN,
        "Gross Profit": 385,
        "Operating Income": 149,
        "EBIT": 421,
        "Net Income": 21
    },
    "2012-12-31": {
        "Diluted EPS": 0.55,
        "Total Revenue": NaN,
        "Gross Profit": 495,
        "Operating Income": 236,
        "EBIT": 514,
        "Net Income": 41
    },
    "2012-09-30": {
        "Diluted EPS": 0.7,
        "Total Revenue": NaN,
        "Gross Profit": 505,
        "Operating Income": 222,
        "EBIT": 502,
        "Net Income": 73
    },
    "2012-06-30": {
        "Diluted EPS": -0.63,
        "Total Revenue": 993,
        "Gross Profit": 374,
        "Operating Income": 46,
        "EBIT": 274,
        "Net Income": -52
    },
    "2012-03-31": {
        "Diluted EPS": 0.17,
        "Total Revenue": 656,
        "Gross Profit": 213,
        "Operating Income": 87,
        "EBIT": 221,
        "Net Income": 13
    },
    "2011-12-31": {
        "Diluted EPS": 0.44,
        "Total Revenue": 746,
        "Gross Profit": 275,
        "Operating Income": 115,
        "EBIT": 249,
        "Net Income": 29
    },
    "2011-09-30": {
        "Diluted EPS": 0.91,
        "Total Revenue": 713,
        "Gross Profit": 274,
        "Operating Income": 156,
        "EBIT": 285,
        "Net Income": 65
    },
    "2011-06-30": {
        "Diluted EPS": 0.37,
        "Total Revenue": 629,
        "Gross Profit": 211,
        "Operating Income": 95,
        "EBIT": 218,
        "Net Income": 27
    },
    "2011-03-31": {
        "Diluted EPS": -0.34,
        "Total Revenue": 523,
        "Gross Profit": 138,
        "Operating Income": 30,
        "EBIT": 146,
        "Net Income": -20
    },
    "2010-12-31": {
        "Diluted EPS": -0.28,
        "Total Revenue": 597,
        "Gross Profit": 175,
        "Operating Income": 47,
        "EBIT": 170,
        "Net Income": -21
    },
    "2010-09-30": {
        "Diluted EPS": 0.33,
        "Total Revenue": 605,
        "Gross Profit": 209,
        "Operating Income": 93,
        "EBIT": 211,
        "Net Income": 23
    },
    "2010-06-30": {
        "Diluted EPS": 0.18,
        "Total Revenue": 557,
        "Gross Profit": 171,
        "Operating Income": 59,
        "EBIT": 175,
        "Net Income": 12
    },
    "2010-03-31": {
        "Diluted EPS": -0.67,
        "Total Revenue": 478,
        "Gross Profit": 103,
        "Operating Income": -2,
        "EBIT": 113,
        "Net Income": -40
    },
    "2009-12-31": {
        "Diluted EPS": -0.42,
        "Total Revenue": 557,
        "Gross Profit": 145,
        "Operating Income": 24,
        "EBIT": 144,
        "Net Income": -26
    },
    "2009-09-30": {
        "Diluted EPS": 0.0,
        "Total Revenue": 592,
        "Gross Profit": 180,
        "Operating Income": 67,
        "EBIT": 185,
        "Net Income": NaN
    },
    "2009-06-30": {
        "Diluted EPS": -0.28,
        "Total Revenue": 615,
        "Gross Profit": 141,
        "Operating Income": 5,
        "EBIT": 134,
        "Net Income": -17
    },
    "2009-03-31": {
        "Diluted EPS": -0.32,
        "Total Revenue": 594,
        "Gross Profit": 144,
        "Operating Income": 18,
        "EBIT": 142,
        "Net Income": -19
    },
    "2023-09-30": {
        "Tax Effect Of Unusual Items": -1275000.0,
        "Tax Rate For Calcs": 0.255,
        "Normalized EBITDA": 1806000000.0,
        "Total Unusual Items": -5000000.0,
        "Total Unusual Items Excluding Goodwill": -5000000.0,
        "Net Income From Continuing Operation Net Minority Interest": 703000000.0,
        "Reconciled Depreciation": 695000000.0,
        "Reconciled Cost Of Revenue": 1592000000.0,
        "EBITDA": 1801000000.0,
        "EBIT": 1106000000.0,
        "Net Interest Income": -163000000.0,
        "Interest Expense": 163000000.0,
        "Normalized Income": 706725000.0,
        "Net Income From Continuing And Discontinued Operation": 703000000.0,
        "Total Expenses": 2661000000.0,
        "Total Operating Income As Reported": 1099000000.0,
        "Diluted NI Availto Com Stockholders": 703000000.0,
        "Net Income Common Stockholders": 703000000.0,
        "Net Income": 703000000.0,
        "Net Income Including Noncontrolling Interests": 703000000.0,
        "Net Income Continuous Operations": 703000000.0,
        "Tax Provision": 240000000.0,
        "Pretax Income": 943000000.0,
        "Other Income Expense": 2000000.0,
        "Other Non Operating Income Expenses": 7000000.0,
        "Special Income Charges": -5000000.0,
        "Restructuring And Mergern Acquisition": 5000000.0,
        "Net Non Operating Interest Income Expense": -163000000.0,
        "Interest Expense Non Operating": 163000000.0,
        "Operating Income": 1104000000.0,
        "Operating Expense": 481000000.0,
        "Depreciation Amortization Depletion Income Statement": 107000000.0,
        "Depreciation And Amortization In Income Statement": 107000000.0,
        "Selling General And Administration": 374000000.0,
        "Gross Profit": 1585000000.0,
        "Cost Of Revenue": 2180000000.0,
        "Total Revenue": 3765000000.0,
        "Operating Revenue": 3765000000.0
    }
}