{
    "2023-03-31": {
        "Tax Effect Of Unusual Items": NaN,
        "Tax Rate For Calcs": NaN,
        "Total Unusual Items": 0.0,
        "Total Unusual Items Excluding Goodwill": 0.0,
        "Net Income From Continuing Operation Net Minority Interest": NaN,
        "Reconciled Depreciation": NaN,
        "Net Interest Income": NaN,
        "Interest Expense": NaN,
        "Interest Income": NaN,
        "Normalized Income": NaN,
        "Net Income From Continuing And Discontinued Operation": NaN,
        "Diluted Average Shares": 19940606.0,
        "Basic Average Shares": 19855409.0,
        "Diluted EPS": 0.29,
        "Basic EPS": 0.29,
        "Diluted NI Availto Com Stockholders": NaN,
        "Net Income Common Stockholders": NaN,
        "Net Income": NaN,
        "Net Income Including Noncontrolling Interests": NaN,
        "Net Income Continuous Operations": NaN,
        "Tax Provision": NaN,
        "Pretax Income": NaN,
        "Special Income Charges": 0.0,
        "Other Special Charges": NaN,
        "Gain On Sale Of Security": NaN,
        "Selling General And Administration": NaN,
        "General And Administrative Expense": NaN,
        "Other Gand A": 702000.0,
        "Salaries And Wages": NaN,
        "Total Revenue": NaN,
        "Operating Revenue": NaN,
        "Occupancy And Equipment": NaN,
        "Professional Expense And Contract Services Expense": NaN,
        "Other Non Interest Expense": NaN
    },
    "2022-12-31": {
        "Tax Effect Of Unusual Items": NaN,
        "Tax Rate For Calcs": NaN,
        "Total Unusual Items": 0.0,
        "Total Unusual Items Excluding Goodwill": 0.0,
        "Net Income From Continuing Operation Net Minority Interest": NaN,
        "Reconciled Depreciation": NaN,
        "Net Interest Income": NaN,
        "Interest Expense": NaN,
        "Interest Income": NaN,
        "Normalized Income": NaN,
        "Net Income From Continuing And Discontinued Operation": NaN,
        "Diluted Average Shares": NaN,
        "Basic Average Shares": NaN,
        "Diluted EPS": NaN,
        "Basic EPS": NaN,
        "Diluted NI Availto Com Stockholders": NaN,
        "Net Income Common Stockholders": NaN,
        "Net Income": NaN,
        "Net Income Including Noncontrolling Interests": NaN,
        "Net Income Continuous Operations": NaN,
        "Tax Provision": NaN,
        "Pretax Income": NaN,
        "Special Income Charges": 0.0,
        "Other Special Charges": 0.0,
        "Gain On Sale Of Security": NaN,
        "Selling General And Administration": NaN,
        "General And Administrative Expense": NaN,
        "Other Gand A": NaN,
        "Salaries And Wages": NaN,
        "Total Revenue": NaN,
        "Operating Revenue": NaN,
        "Occupancy And Equipment": NaN,
        "Professional Expense And Contract Services Expense": NaN,
        "Other Non Interest Expense": NaN
    },
    "2022-09-30": {
        "Tax Effect Of Unusual Items": NaN,
        "Tax Rate For Calcs": NaN,
        "Total Unusual Items": NaN,
        "Total Unusual Items Excluding Goodwill": NaN,
        "Net Income From Continuing Operation Net Minority Interest": NaN,
        "Reconciled Depreciation": NaN,
        "Net Interest Income": NaN,
        "Interest Expense": NaN,
        "Interest Income": NaN,
        "Normalized Income": NaN,
        "Net Income From Continuing And Discontinued Operation": NaN,
        "Diluted Average Shares": 20148208.0,
        "Basic Average Shares": 20000753.0,
        "Diluted EPS": 0.28,
        "Basic EPS": 0.28,
        "Diluted NI Availto Com Stockholders": NaN,
        "Net Income Common Stockholders": NaN,
        "Net Income": NaN,
        "Net Income Including Noncontrolling Interests": NaN,
        "Net Income Continuous Operations": NaN,
        "Tax Provision": NaN,
        "Pretax Income": NaN,
        "Special Income Charges": NaN,
        "Other Special Charges": NaN,
        "Gain On Sale Of Security": NaN,
        "Selling General And Administration": NaN,
        "General And Administrative Expense": NaN,
        "Other Gand A": 757000.0,
        "Salaries And Wages": NaN,
        "Total Revenue": NaN,
        "Operating Revenue": NaN
    },
    "2022-06-30": {
        "Tax Effect Of Unusual Items": 0.0,
        "Tax Rate For Calcs": 0.244,
        "Total Unusual Items": NaN,
        "Total Unusual Items Excluding Goodwill": NaN,
        "Net Income From Continuing Operation Net Minority Interest": 5295000.0,
        "Reconciled Depreciation": 175000.0,
        "Net Interest Income": 15642000.0,
        "Interest Expense": 1042000.0,
        "Interest Income": 16684000.0,
        "Normalized Income": 5295000.0,
        "Net Income From Continuing And Discontinued Operation": 5295000.0,
        "Diluted Average Shares": 20171261.0,
        "Basic Average Shares": 20000753.0,
        "Diluted EPS": 0.26,
        "Basic EPS": 0.26,
        "Diluted NI Availto Com Stockholders": 5295000.0,
        "Net Income Common Stockholders": 5295000.0,
        "Net Income": 5295000.0,
        "Net Income Including Noncontrolling Interests": 5295000.0,
        "Net Income Continuous Operations": 5295000.0,
        "Tax Provision": 1708000.0,
        "Pretax Income": 7003000.0,
        "Special Income Charges": NaN,
        "Other Special Charges": NaN,
        "Gain On Sale Of Security": -3000.0,
        "Selling General And Administration": 6587000.0,
        "General And Administrative Expense": 6587000.0,
        "Other Gand A": 674000.0,
        "Salaries And Wages": 5913000.0,
        "Total Revenue": 17259000.0,
        "Operating Revenue": 17259000.0
    },
    "2022-03-31": {
        "Diluted EPS": 0.24,
        "Total Revenue": 17,
        "Gross Profit": 16,
        "Operating Income": 7,
        "EBIT": NaN,
        "Net Income": 5
    },
    "2021-12-31": {
        "Diluted EPS": -4.03,
        "Total Revenue": 18,
        "Gross Profit": 17,
        "Operating Income": 7,
        "EBIT": NaN,
        "Net Income": 6
    },
    "2021-09-30": {
        "Diluted EPS": -3.93,
        "Total Revenue": 19,
        "Gross Profit": 18,
        "Operating Income": 9,
        "EBIT": NaN,
        "Net Income": -84
    },
    "2021-06-30": {
        "Diluted EPS": 0.84,
        "Total Revenue": 15,
        "Gross Profit": 14,
        "Operating Income": 5,
        "EBIT": NaN,
        "Net Income": 3
    },
    "2021-03-31": {
        "Diluted EPS": 0.4,
        "Total Revenue": 16,
        "Gross Profit": 15,
        "Operating Income": 6,
        "EBIT": NaN,
        "Net Income": 4
    },
    "2020-12-31": {
        "Diluted EPS": 0.0,
        "Total Revenue": NaN,
        "Gross Profit": NaN,
        "Operating Income": NaN,
        "EBIT": NaN,
        "Net Income": NaN
    },
    "2020-06-30": {
        "Diluted EPS": 0.07,
        "Total Revenue": 14,
        "Gross Profit": 12,
        "Operating Income": 2,
        "EBIT": NaN,
        "Net Income": 1
    },
    "2023-06-30": {
        "Tax Effect Of Unusual Items": 0.0,
        "Tax Rate For Calcs": 0.241,
        "Total Unusual Items": 0.0,
        "Total Unusual Items Excluding Goodwill": 0.0,
        "Net Income From Continuing Operation Net Minority Interest": 4196000.0,
        "Reconciled Depreciation": 148000.0,
        "Net Interest Income": 14173000.0,
        "Interest Expense": 10107000.0,
        "Interest Income": 24280000.0,
        "Normalized Income": 4196000.0,
        "Net Income From Continuing And Discontinued Operation": 4196000.0,
        "Diluted Average Shares": 19639682.0,
        "Basic Average Shares": 19590359.0,
        "Diluted EPS": 0.21,
        "Basic EPS": 0.21,
        "Diluted NI Availto Com Stockholders": 4196000.0,
        "Net Income Common Stockholders": 4196000.0,
        "Net Income": 4196000.0,
        "Net Income Including Noncontrolling Interests": 4196000.0,
        "Net Income Continuous Operations": 4196000.0,
        "Tax Provision": 1333000.0,
        "Pretax Income": 5529000.0,
        "Special Income Charges": 0.0,
        "Other Special Charges": NaN,
        "Gain On Sale Of Security": 0.0,
        "Selling General And Administration": 5882000.0,
        "General And Administrative Expense": 5882000.0,
        "Other Gand A": NaN,
        "Salaries And Wages": 5882000.0,
        "Total Revenue": 16019000.0,
        "Operating Revenue": 16019000.0,
        "Occupancy And Equipment": 1319000.0,
        "Professional Expense And Contract Services Expense": 386000.0,
        "Other Non Interest Expense": 2865000.0
    },
    "2023-09-30": {
        "Tax Effect Of Unusual Items": 0.0,
        "Tax Rate For Calcs": 0.246597,
        "Total Unusual Items": 0.0,
        "Total Unusual Items Excluding Goodwill": 0.0,
        "Net Income From Continuing Operation Net Minority Interest": 3819000.0,
        "Reconciled Depreciation": 145000.0,
        "Net Interest Income": 14022000.0,
        "Interest Expense": 12360000.0,
        "Interest Income": 26382000.0,
        "Normalized Income": 3819000.0,
        "Net Income From Continuing And Discontinued Operation": 3819000.0,
        "Diluted Average Shares": 19611897.0,
        "Basic Average Shares": 19542723.0,
        "Diluted EPS": 0.19,
        "Basic EPS": 0.2,
        "Diluted NI Availto Com Stockholders": 3819000.0,
        "Net Income Common Stockholders": 3819000.0,
        "Net Income": 3819000.0,
        "Net Income Including Noncontrolling Interests": 3819000.0,
        "Net Income Continuous Operations": 3819000.0,
        "Tax Provision": 1250000.0,
        "Pretax Income": 5069000.0,
        "Special Income Charges": 0.0,
        "Other Special Charges": NaN,
        "Gain On Sale Of Security": -955000.0,
        "Selling General And Administration": 6066000.0,
        "General And Administrative Expense": 6066000.0,
        "Other Gand A": NaN,
        "Salaries And Wages": 6066000.0,
        "Total Revenue": 16183000.0,
        "Operating Revenue": 16183000.0,
        "Occupancy And Equipment": 1350000.0,
        "Professional Expense And Contract Services Expense": 513000.0,
        "Other Non Interest Expense": 2532000.0
    },
    "2023-12-31": {
        "Tax Effect Of Unusual Items": 0.0,
        "Tax Rate For Calcs": 0.224344,
        "Total Unusual Items": 0.0,
        "Total Unusual Items Excluding Goodwill": 0.0,
        "Net Income From Continuing Operation Net Minority Interest": 2721000.0,
        "Reconciled Depreciation": 147000.0,
        "Net Interest Income": 14376000.0,
        "Interest Expense": 13600000.0,
        "Interest Income": 27976000.0,
        "Normalized Income": 2721000.0,
        "Net Income From Continuing And Discontinued Operation": 2721000.0,
        "Diluted Average Shares": NaN,
        "Basic Average Shares": NaN,
        "Diluted EPS": NaN,
        "Basic EPS": NaN,
        "Diluted NI Availto Com Stockholders": 2721000.0,
        "Net Income Common Stockholders": 2721000.0,
        "Net Income": 2721000.0,
        "Net Income Including Noncontrolling Interests": 2721000.0,
        "Net Income Continuous Operations": 2721000.0,
        "Tax Provision": 787000.0,
        "Pretax Income": 3508000.0,
        "Special Income Charges": 0.0,
        "Other Special Charges": NaN,
        "Gain On Sale Of Security": -883000.0,
        "Selling General And Administration": 6104000.0,
        "General And Administrative Expense": 6104000.0,
        "Other Gand A": NaN,
        "Salaries And Wages": 6104000.0,
        "Total Revenue": 15702000.0,
        "Operating Revenue": 15702000.0,
        "Occupancy And Equipment": 1262000.0,
        "Professional Expense And Contract Services Expense": 1929000.0,
        "Other Non Interest Expense": 1424000.0
    },
    "2024-03-31": {
        "Tax Effect Of Unusual Items": 0.0,
        "Tax Rate For Calcs": 0.236,
        "Total Unusual Items": NaN,
        "Total Unusual Items Excluding Goodwill": NaN,
        "Net Income From Continuing Operation Net Minority Interest": 4612000.0,
        "Reconciled Depreciation": 140000.0,
        "Net Interest Income": 15158000.0,
        "Interest Expense": 15729000.0,
        "Interest Income": 30887000.0,
        "Normalized Income": 4612000.0,
        "Net Income From Continuing And Discontinued Operation": 4612000.0,
        "Diluted Average Shares": 19698258.0,
        "Basic Average Shares": 19633330.0,
        "Diluted EPS": 0.23,
        "Basic EPS": 0.23,
        "Diluted NI Availto Com Stockholders": 4612000.0,
        "Net Income Common Stockholders": 4612000.0,
        "Net Income": 4612000.0,
        "Net Income Including Noncontrolling Interests": 4612000.0,
        "Net Income Continuous Operations": 4612000.0,
        "Tax Provision": 1426000.0,
        "Pretax Income": 6038000.0,
        "Special Income Charges": NaN,
        "Other Special Charges": NaN,
        "Gain On Sale Of Security": 0.0,
        "Selling General And Administration": 6310000.0,
        "General And Administrative Expense": 6310000.0,
        "Other Gand A": NaN,
        "Salaries And Wages": 6310000.0,
        "Total Revenue": 17622000.0,
        "Operating Revenue": 17622000.0,
        "Occupancy And Equipment": 1314000.0,
        "Professional Expense And Contract Services Expense": 592000.0,
        "Other Non Interest Expense": 2958000.0
    },
    "2024-06-30": {
        "Tax Effect Of Unusual Items": 0.0,
        "Tax Rate For Calcs": 0.241,
        "Total Unusual Items": NaN,
        "Total Unusual Items Excluding Goodwill": NaN,
        "Net Income From Continuing Operation Net Minority Interest": 6209000.0,
        "Reconciled Depreciation": 146000.0,
        "Net Interest Income": 17311000.0,
        "Interest Expense": 15306000.0,
        "Interest Income": 32617000.0,
        "Normalized Income": 6209000.0,
        "Net Income From Continuing And Discontinued Operation": 6209000.0,
        "Diluted Average Shares": 19717167.0,
        "Basic Average Shares": 19650681.0,
        "Diluted EPS": 0.31,
        "Basic EPS": 0.32,
        "Diluted NI Availto Com Stockholders": 6209000.0,
        "Net Income Common Stockholders": 6209000.0,
        "Net Income": 6209000.0,
        "Net Income Including Noncontrolling Interests": 6209000.0,
        "Net Income Continuous Operations": 6209000.0,
        "Tax Provision": 1967000.0,
        "Pretax Income": 8176000.0,
        "Special Income Charges": NaN,
        "Other Special Charges": NaN,
        "Gain On Sale Of Security": 14000.0,
        "Selling General And Administration": 7353000.0,
        "General And Administrative Expense": 7353000.0,
        "Other Gand A": NaN,
        "Salaries And Wages": 7353000.0,
        "Total Revenue": 20522000.0,
        "Operating Revenue": 20522000.0,
        "Occupancy And Equipment": 1266000.0,
        "Professional Expense And Contract Services Expense": 263000.0,
        "Other Non Interest Expense": 2678000.0
    }
}