{
    "2023-03-31": {
        "Tax Effect Of Unusual Items": -4000000.0,
        "Tax Rate For Calcs": 0.4,
        "Normalized EBITDA": 252000000.0,
        "Total Unusual Items": -10000000.0,
        "Total Unusual Items Excluding Goodwill": -10000000.0,
        "Net Income From Continuing Operation Net Minority Interest": 13000000.0,
        "Reconciled Depreciation": 170000000.0,
        "Reconciled Cost Of Revenue": 435000000.0,
        "EBITDA": 242000000.0,
        "EBIT": 72000000.0,
        "Net Interest Income": -45000000.0,
        "Interest Expense": 47000000.0,
        "Interest Income": 2000000.0,
        "Normalized Income": 19000000.0,
        "Net Income From Continuing And Discontinued Operation": 13000000.0,
        "Total Expenses": 950000000.0,
        "Total Operating Income As Reported": 26000000.0,
        "Diluted Average Shares": 86000000.0,
        "Basic Average Shares": 85000000.0,
        "Diluted EPS": 0.15,
        "Basic EPS": 0.15,
        "Diluted NI Availto Com Stockholders": 13000000.0,
        "Net Income Common Stockholders": 13000000.0,
        "Net Income": 13000000.0,
        "Minority Interests": -1000000.0,
        "Net Income Including Noncontrolling Interests": 14000000.0,
        "Net Income Continuous Operations": 14000000.0,
        "Tax Provision": 11000000.0,
        "Pretax Income": 25000000.0,
        "Other Income Expense": 34000000.0,
        "Special Income Charges": -10000000.0,
        "Gain On Sale Of Ppe": -10000000.0,
        "Gain On Sale Of Business": 0.0,
        "Impairment Of Capital Assets": NaN,
        "Earnings From Equity Interest": 44000000.0,
        "Net Non Operating Interest Income Expense": -45000000.0,
        "Interest Expense Non Operating": 47000000.0,
        "Interest Income Non Operating": 2000000.0,
        "Operating Income": 36000000.0,
        "Operating Expense": 515000000.0,
        "Depreciation Amortization Depletion Income Statement": 170000000.0,
        "Depreciation And Amortization In Income Statement": 170000000.0,
        "Selling General And Administration": 345000000.0,
        "Gross Profit": 551000000.0,
        "Cost Of Revenue": 435000000.0,
        "Total Revenue": 986000000.0,
        "Operating Revenue": 986000000.0
    },
    "2022-12-31": {
        "Tax Effect Of Unusual Items": -2675675.675676,
        "Tax Rate For Calcs": 0.243243,
        "Normalized EBITDA": 202000000.0,
        "Total Unusual Items": -11000000.0,
        "Total Unusual Items Excluding Goodwill": -11000000.0,
        "Net Income From Continuing Operation Net Minority Interest": -28000000.0,
        "Reconciled Depreciation": 179000000.0,
        "Reconciled Cost Of Revenue": 511000000.0,
        "EBITDA": 191000000.0,
        "EBIT": 12000000.0,
        "Net Interest Income": -46000000.0,
        "Interest Expense": 49000000.0,
        "Interest Income": 3000000.0,
        "Normalized Income": -19675675.675676,
        "Net Income From Continuing And Discontinued Operation": -28000000.0,
        "Total Expenses": 1064000000.0,
        "Total Operating Income As Reported": -27000000.0,
        "Diluted Average Shares": 85000000.0,
        "Basic Average Shares": 85000000.0,
        "Diluted EPS": -0.33,
        "Basic EPS": -0.33,
        "Diluted NI Availto Com Stockholders": -28000000.0,
        "Net Income Common Stockholders": -28000000.0,
        "Net Income": -28000000.0,
        "Minority Interests": 0.0,
        "Net Income Including Noncontrolling Interests": -28000000.0,
        "Net Income Continuous Operations": -28000000.0,
        "Tax Provision": -9000000.0,
        "Pretax Income": -37000000.0,
        "Other Income Expense": 25000000.0,
        "Special Income Charges": -11000000.0,
        "Gain On Sale Of Ppe": -11000000.0,
        "Gain On Sale Of Business": 0.0,
        "Impairment Of Capital Assets": 0.0,
        "Earnings From Equity Interest": 36000000.0,
        "Net Non Operating Interest Income Expense": -46000000.0,
        "Interest Expense Non Operating": 49000000.0,
        "Interest Income Non Operating": 3000000.0,
        "Operating Income": -16000000.0,
        "Operating Expense": 553000000.0,
        "Depreciation Amortization Depletion Income Statement": 179000000.0,
        "Depreciation And Amortization In Income Statement": 179000000.0,
        "Selling General And Administration": 374000000.0,
        "Gross Profit": 537000000.0,
        "Cost Of Revenue": 511000000.0,
        "Total Revenue": 1048000000.0,
        "Operating Revenue": 1048000000.0
    },
    "2022-09-30": {
        "Tax Effect Of Unusual Items": -233000.0,
        "Tax Rate For Calcs": 0.233,
        "Normalized EBITDA": 206000000.0,
        "Total Unusual Items": -1000000.0,
        "Total Unusual Items Excluding Goodwill": -1000000.0,
        "Net Income From Continuing Operation Net Minority Interest": -12000000.0,
        "Reconciled Depreciation": 178000000.0,
        "Reconciled Cost Of Revenue": 550000000.0,
        "EBITDA": 205000000.0,
        "EBIT": 27000000.0,
        "Net Interest Income": -40000000.0,
        "Interest Expense": 42000000.0,
        "Interest Income": 2000000.0,
        "Normalized Income": -11233000.0,
        "Net Income From Continuing And Discontinued Operation": -12000000.0,
        "Total Expenses": 1097000000.0,
        "Total Operating Income As Reported": -15000000.0,
        "Diluted Average Shares": 85000000.0,
        "Basic Average Shares": 85000000.0,
        "Diluted EPS": -0.15,
        "Basic EPS": -0.15,
        "Diluted NI Availto Com Stockholders": -12000000.0,
        "Net Income Common Stockholders": -12000000.0,
        "Net Income": -12000000.0,
        "Minority Interests": 0.0,
        "Net Income Including Noncontrolling Interests": -12000000.0,
        "Net Income Continuous Operations": -12000000.0,
        "Tax Provision": -3000000.0,
        "Pretax Income": -15000000.0,
        "Other Income Expense": 39000000.0,
        "Special Income Charges": -1000000.0,
        "Gain On Sale Of Ppe": -1000000.0,
        "Gain On Sale Of Business": 0.0,
        "Impairment Of Capital Assets": 0.0,
        "Earnings From Equity Interest": 40000000.0,
        "Net Non Operating Interest Income Expense": -40000000.0,
        "Interest Expense Non Operating": 42000000.0,
        "Interest Income Non Operating": 2000000.0,
        "Operating Income": -14000000.0,
        "Operating Expense": 546000000.0,
        "Depreciation Amortization Depletion Income Statement": 177000000.0,
        "Depreciation And Amortization In Income Statement": 177000000.0,
        "Selling General And Administration": 369000000.0,
        "Gross Profit": 532000000.0,
        "Cost Of Revenue": 551000000.0,
        "Total Revenue": 1083000000.0,
        "Operating Revenue": 1083000000.0
    },
    "2022-06-30": {
        "Tax Effect Of Unusual Items": -3600000.0,
        "Tax Rate For Calcs": 0.4,
        "Normalized EBITDA": 261000000.0,
        "Total Unusual Items": -9000000.0,
        "Total Unusual Items Excluding Goodwill": -9000000.0,
        "Net Income From Continuing Operation Net Minority Interest": 21000000.0,
        "Reconciled Depreciation": 171000000.0,
        "Reconciled Cost Of Revenue": 468000000.0,
        "EBITDA": 252000000.0,
        "EBIT": 80000000.0,
        "Net Interest Income": -37000000.0,
        "Interest Expense": 40000000.0,
        "Interest Income": 3000000.0,
        "Normalized Income": 26400000.0,
        "Net Income From Continuing And Discontinued Operation": 21000000.0,
        "Total Expenses": 978000000.0,
        "Total Operating Income As Reported": 40000000.0,
        "Diluted Average Shares": 87000000.0,
        "Basic Average Shares": 86000000.0,
        "Diluted EPS": 0.25,
        "Basic EPS": 0.25,
        "Diluted NI Availto Com Stockholders": 21000000.0,
        "Net Income Common Stockholders": 21000000.0,
        "Net Income": 21000000.0,
        "Minority Interests": -1000000.0,
        "Net Income Including Noncontrolling Interests": 22000000.0,
        "Net Income Continuous Operations": 22000000.0,
        "Tax Provision": 18000000.0,
        "Pretax Income": 40000000.0,
        "Other Income Expense": 28000000.0,
        "Special Income Charges": -9000000.0,
        "Gain On Sale Of Ppe": -6000000.0,
        "Gain On Sale Of Business": 0.0,
        "Impairment Of Capital Assets": 3000000.0,
        "Earnings From Equity Interest": 37000000.0,
        "Net Non Operating Interest Income Expense": -37000000.0,
        "Interest Expense Non Operating": 40000000.0,
        "Interest Income Non Operating": 3000000.0,
        "Operating Income": 49000000.0,
        "Operating Expense": 511000000.0,
        "Depreciation Amortization Depletion Income Statement": 172000000.0,
        "Depreciation And Amortization In Income Statement": 172000000.0,
        "Selling General And Administration": 339000000.0,
        "Gross Profit": 560000000.0,
        "Cost Of Revenue": 467000000.0,
        "Total Revenue": 1027000000.0,
        "Operating Revenue": 1027000000.0
    },
    "2022-03-31": {
        "Diluted EPS": 0.57,
        "Total Revenue": NaN,
        "Gross Profit": 568,
        "Operating Income": 71,
        "EBIT": 242,
        "Net Income": 49
    },
    "2021-12-31": {
        "Diluted EPS": 0.31,
        "Total Revenue": NaN,
        "Gross Profit": 540,
        "Operating Income": 5,
        "EBIT": 173,
        "Net Income": 26
    },
    "2021-09-30": {
        "Diluted EPS": 0.38,
        "Total Revenue": NaN,
        "Gross Profit": 559,
        "Operating Income": 45,
        "EBIT": 205,
        "Net Income": 34
    },
    "2021-06-30": {
        "Diluted EPS": 0.39,
        "Total Revenue": NaN,
        "Gross Profit": 552,
        "Operating Income": 36,
        "EBIT": 216,
        "Net Income": 35
    },
    "2021-03-31": {
        "Diluted EPS": 0.69,
        "Total Revenue": NaN,
        "Gross Profit": 563,
        "Operating Income": 84,
        "EBIT": 254,
        "Net Income": 60
    },
    "2020-12-31": {
        "Diluted EPS": 0.06,
        "Total Revenue": NaN,
        "Gross Profit": 553,
        "Operating Income": 5,
        "EBIT": 172,
        "Net Income": 5
    },
    "2020-09-30": {
        "Diluted EPS": 0.97,
        "Total Revenue": NaN,
        "Gross Profit": 567,
        "Operating Income": 65,
        "EBIT": 227,
        "Net Income": 85
    },
    "2020-06-30": {
        "Diluted EPS": 0.78,
        "Total Revenue": 973,
        "Gross Profit": 558,
        "Operating Income": 53,
        "EBIT": 230,
        "Net Income": 68
    },
    "2020-03-31": {
        "Diluted EPS": 0.81,
        "Total Revenue": 963,
        "Gross Profit": 566,
        "Operating Income": 50,
        "EBIT": 227,
        "Net Income": 71
    },
    "2019-12-31": {
        "Diluted EPS": 0.2,
        "Total Revenue": NaN,
        "Gross Profit": 559,
        "Operating Income": -2,
        "EBIT": 176,
        "Net Income": 19
    },
    "2019-09-30": {
        "Diluted EPS": 0.27,
        "Total Revenue": NaN,
        "Gross Profit": 566,
        "Operating Income": 20,
        "EBIT": 199,
        "Net Income": 23
    },
    "2019-06-30": {
        "Diluted EPS": 0.35,
        "Total Revenue": 973,
        "Gross Profit": 556,
        "Operating Income": 30,
        "EBIT": 206,
        "Net Income": 31
    },
    "2019-03-31": {
        "Diluted EPS": 0.62,
        "Total Revenue": 966,
        "Gross Profit": 557,
        "Operating Income": 64,
        "EBIT": 233,
        "Net Income": 54
    },
    "2018-12-31": {
        "Diluted EPS": 0.23,
        "Total Revenue": NaN,
        "Gross Profit": 544,
        "Operating Income": 3,
        "EBIT": 165,
        "Net Income": 20
    },
    "2018-09-30": {
        "Diluted EPS": 0.41,
        "Total Revenue": NaN,
        "Gross Profit": 543,
        "Operating Income": 34,
        "EBIT": 195,
        "Net Income": 36
    },
    "2018-06-30": {
        "Diluted EPS": 0.56,
        "Total Revenue": 974,
        "Gross Profit": 547,
        "Operating Income": 56,
        "EBIT": 214,
        "Net Income": 49
    },
    "2018-03-31": {
        "Diluted EPS": 0.52,
        "Total Revenue": 942,
        "Gross Profit": 544,
        "Operating Income": 65,
        "EBIT": 224,
        "Net Income": 45
    },
    "2017-12-31": {
        "Diluted EPS": 3.2,
        "Total Revenue": NaN,
        "Gross Profit": 523,
        "Operating Income": -3,
        "EBIT": 152,
        "Net Income": 273
    },
    "2017-09-30": {
        "Diluted EPS": -3.51,
        "Total Revenue": 963,
        "Gross Profit": 517,
        "Operating Income": -360,
        "EBIT": -207,
        "Net Income": -299
    },
    "2017-06-30": {
        "Diluted EPS": 0.14,
        "Total Revenue": 963,
        "Gross Profit": 514,
        "Operating Income": 5,
        "EBIT": 159,
        "Net Income": 12
    },
    "2017-03-31": {
        "Diluted EPS": 0.31,
        "Total Revenue": 936,
        "Gross Profit": 533,
        "Operating Income": 54,
        "EBIT": 207,
        "Net Income": 26
    },
    "2016-12-31": {
        "Diluted EPS": -0.06,
        "Total Revenue": NaN,
        "Gross Profit": 536,
        "Operating Income": -14,
        "EBIT": 142,
        "Net Income": -5
    },
    "2016-09-30": {
        "Diluted EPS": 0.2,
        "Total Revenue": NaN,
        "Gross Profit": 547,
        "Operating Income": 22,
        "EBIT": 177,
        "Net Income": 17
    },
    "2016-06-30": {
        "Diluted EPS": 0.32,
        "Total Revenue": 992,
        "Gross Profit": 537,
        "Operating Income": 30,
        "EBIT": 184,
        "Net Income": 27
    },
    "2016-03-31": {
        "Diluted EPS": 0.1,
        "Total Revenue": 969,
        "Gross Profit": 529,
        "Operating Income": 10,
        "EBIT": 163,
        "Net Income": 9
    },
    "2015-12-31": {
        "Diluted EPS": -0.03,
        "Total Revenue": NaN,
        "Gross Profit": 558,
        "Operating Income": 11,
        "EBIT": 168,
        "Net Income": -2
    },
    "2015-09-30": {
        "Diluted EPS": 0.75,
        "Total Revenue": NaN,
        "Gross Profit": 583,
        "Operating Income": 78,
        "EBIT": 230,
        "Net Income": 64
    },
    "2015-06-30": {
        "Diluted EPS": 0.23,
        "Total Revenue": 976,
        "Gross Profit": 526,
        "Operating Income": 8,
        "EBIT": 159,
        "Net Income": 19
    },
    "2015-03-31": {
        "Diluted EPS": 1.89,
        "Total Revenue": 965,
        "Gross Profit": 536,
        "Operating Income": 250,
        "EBIT": 397,
        "Net Income": 160
    },
    "2014-12-31": {
        "Diluted EPS": -0.26,
        "Total Revenue": NaN,
        "Gross Profit": 464,
        "Operating Income": -49,
        "EBIT": 92,
        "Net Income": -22
    },
    "2014-09-30": {
        "Diluted EPS": -0.26,
        "Total Revenue": NaN,
        "Gross Profit": 493,
        "Operating Income": -51,
        "EBIT": 98,
        "Net Income": -22
    },
    "2014-06-30": {
        "Diluted EPS": -0.22,
        "Total Revenue": 958,
        "Gross Profit": 499,
        "Operating Income": -50,
        "EBIT": 98,
        "Net Income": -19
    },
    "2014-03-31": {
        "Diluted EPS": 0.23,
        "Total Revenue": 926,
        "Gross Profit": 475,
        "Operating Income": 8,
        "EBIT": 176,
        "Net Income": 19
    },
    "2013-12-31": {
        "Diluted EPS": 0.02,
        "Total Revenue": 903,
        "Gross Profit": 378,
        "Operating Income": -30,
        "EBIT": 180,
        "Net Income": 2
    },
    "2013-09-30": {
        "Diluted EPS": -0.12,
        "Total Revenue": 939,
        "Gross Profit": 568,
        "Operating Income": -43,
        "EBIT": 158,
        "Net Income": -10
    },
    "2013-06-30": {
        "Diluted EPS": 1.69,
        "Total Revenue": 995,
        "Gross Profit": 586,
        "Operating Income": 219,
        "EBIT": 422,
        "Net Income": 143
    },
    "2013-03-31": {
        "Diluted EPS": 0.06,
        "Total Revenue": NaN,
        "Gross Profit": 624,
        "Operating Income": 1,
        "EBIT": 191,
        "Net Income": 5
    },
    "2012-12-31": {
        "Diluted EPS": -0.47,
        "Total Revenue": NaN,
        "Gross Profit": 585,
        "Operating Income": -61,
        "EBIT": 108,
        "Net Income": -40
    },
    "2012-09-30": {
        "Diluted EPS": 0.42,
        "Total Revenue": NaN,
        "Gross Profit": 643,
        "Operating Income": 48,
        "EBIT": 193,
        "Net Income": 35
    },
    "2012-06-30": {
        "Diluted EPS": 0.62,
        "Total Revenue": NaN,
        "Gross Profit": 669,
        "Operating Income": 84,
        "EBIT": 232,
        "Net Income": 53
    },
    "2012-03-31": {
        "Diluted EPS": 0.73,
        "Total Revenue": NaN,
        "Gross Profit": 672,
        "Operating Income": 85,
        "EBIT": 232,
        "Net Income": 62
    },
    "2011-12-31": {
        "Diluted EPS": 0.03,
        "Total Revenue": NaN,
        "Gross Profit": 627,
        "Operating Income": 16,
        "EBIT": 158,
        "Net Income": 3
    },
    "2011-09-30": {
        "Diluted EPS": 0.73,
        "Total Revenue": NaN,
        "Gross Profit": 672,
        "Operating Income": 102,
        "EBIT": 243,
        "Net Income": 62
    },
    "2011-06-30": {
        "Diluted EPS": 0.88,
        "Total Revenue": NaN,
        "Gross Profit": 678,
        "Operating Income": 104,
        "EBIT": 251,
        "Net Income": 75
    },
    "2011-03-31": {
        "Diluted EPS": 0.41,
        "Total Revenue": NaN,
        "Gross Profit": 645,
        "Operating Income": 59,
        "EBIT": 202,
        "Net Income": 35
    },
    "2010-12-31": {
        "Diluted EPS": 0.12,
        "Total Revenue": NaN,
        "Gross Profit": 603,
        "Operating Income": -1,
        "EBIT": 142,
        "Net Income": 10
    },
    "2010-09-30": {
        "Diluted EPS": 0.44,
        "Total Revenue": NaN,
        "Gross Profit": 653,
        "Operating Income": 61,
        "EBIT": 202,
        "Net Income": 38
    },
    "2010-06-30": {
        "Diluted EPS": 0.47,
        "Total Revenue": NaN,
        "Gross Profit": 654,
        "Operating Income": 64,
        "EBIT": 208,
        "Net Income": 41
    },
    "2010-03-31": {
        "Diluted EPS": 0.54,
        "Total Revenue": NaN,
        "Gross Profit": 656,
        "Operating Income": 78,
        "EBIT": 221,
        "Net Income": 47
    },
    "2009-12-31": {
        "Diluted EPS": 0.1,
        "Total Revenue": NaN,
        "Gross Profit": 645,
        "Operating Income": 8,
        "EBIT": 150,
        "Net Income": 9
    },
    "2009-09-30": {
        "Diluted EPS": 0.39,
        "Total Revenue": NaN,
        "Gross Profit": 662,
        "Operating Income": 60,
        "EBIT": 206,
        "Net Income": 34
    },
    "2009-06-30": {
        "Diluted EPS": 0.94,
        "Total Revenue": NaN,
        "Gross Profit": 691,
        "Operating Income": 139,
        "EBIT": 278,
        "Net Income": 82
    },
    "2009-03-31": {
        "Diluted EPS": 0.97,
        "Total Revenue": NaN,
        "Gross Profit": 669,
        "Operating Income": 119,
        "EBIT": 257,
        "Net Income": 85
    },
    "2023-06-30": {
        "Tax Effect Of Unusual Items": -630000.0,
        "Tax Rate For Calcs": 0.21,
        "Normalized EBITDA": 239000000.0,
        "Total Unusual Items": -3000000.0,
        "Total Unusual Items Excluding Goodwill": -3000000.0,
        "Net Income From Continuing Operation Net Minority Interest": 5000000.0,
        "Reconciled Depreciation": 161000000.0,
        "Reconciled Cost Of Revenue": 418000000.0,
        "EBITDA": 236000000.0,
        "EBIT": 75000000.0,
        "Net Interest Income": -48000000.0,
        "Interest Expense": 51000000.0,
        "Interest Income": 3000000.0,
        "Normalized Income": 7370000.0,
        "Net Income From Continuing And Discontinued Operation": 5000000.0,
        "Total Expenses": 920000000.0,
        "Total Operating Income As Reported": 34000000.0,
        "Diluted Average Shares": 86000000.0,
        "Basic Average Shares": 85000000.0,
        "Diluted EPS": 0.05,
        "Basic EPS": 0.05,
        "Diluted NI Availto Com Stockholders": 5000000.0,
        "Net Income Common Stockholders": 5000000.0,
        "Net Income": 5000000.0,
        "Minority Interests": 0.0,
        "Net Income Including Noncontrolling Interests": 5000000.0,
        "Net Income Continuous Operations": 5000000.0,
        "Tax Provision": 19000000.0,
        "Pretax Income": 24000000.0,
        "Other Income Expense": 35000000.0,
        "Special Income Charges": -3000000.0,
        "Gain On Sale Of Ppe": -3000000.0,
        "Gain On Sale Of Business": NaN,
        "Impairment Of Capital Assets": 0.0,
        "Earnings From Equity Interest": 38000000.0,
        "Net Non Operating Interest Income Expense": -48000000.0,
        "Interest Expense Non Operating": 51000000.0,
        "Interest Income Non Operating": 3000000.0,
        "Operating Income": 37000000.0,
        "Operating Expense": 502000000.0,
        "Depreciation Amortization Depletion Income Statement": 161000000.0,
        "Depreciation And Amortization In Income Statement": 161000000.0,
        "Selling General And Administration": 341000000.0,
        "Gross Profit": 539000000.0,
        "Cost Of Revenue": 418000000.0,
        "Total Revenue": 957000000.0,
        "Operating Revenue": 957000000.0
    },
    "2023-09-30": {
        "Tax Effect Of Unusual Items": -210000.0,
        "Tax Rate For Calcs": 0.21,
        "Normalized EBITDA": 261000000.0,
        "Total Unusual Items": -1000000.0,
        "Total Unusual Items Excluding Goodwill": -1000000.0,
        "Net Income From Continuing Operation Net Minority Interest": 23000000.0,
        "Reconciled Depreciation": 160000000.0,
        "Reconciled Cost Of Revenue": 412000000.0,
        "EBITDA": 260000000.0,
        "EBIT": 100000000.0,
        "Net Interest Income": -47000000.0,
        "Interest Expense": 50000000.0,
        "Interest Income": 3000000.0,
        "Normalized Income": 23790000.0,
        "Net Income From Continuing And Discontinued Operation": 23000000.0,
        "Total Expenses": 905000000.0,
        "Total Operating Income As Reported": 57000000.0,
        "Diluted Average Shares": 86000000.0,
        "Basic Average Shares": 85000000.0,
        "Diluted EPS": 0.26,
        "Basic EPS": 0.26,
        "Diluted NI Availto Com Stockholders": 23000000.0,
        "Net Income Common Stockholders": 23000000.0,
        "Net Income": 23000000.0,
        "Minority Interests": 0.0,
        "Net Income Including Noncontrolling Interests": 23000000.0,
        "Net Income Continuous Operations": 23000000.0,
        "Tax Provision": 27000000.0,
        "Pretax Income": 50000000.0,
        "Other Income Expense": 39000000.0,
        "Special Income Charges": -1000000.0,
        "Gain On Sale Of Ppe": -1000000.0,
        "Gain On Sale Of Business": 0.0,
        "Impairment Of Capital Assets": 0.0,
        "Earnings From Equity Interest": 40000000.0,
        "Net Non Operating Interest Income Expense": -47000000.0,
        "Interest Expense Non Operating": 50000000.0,
        "Interest Income Non Operating": 3000000.0,
        "Operating Income": 58000000.0,
        "Operating Expense": 492000000.0,
        "Depreciation Amortization Depletion Income Statement": 159000000.0,
        "Depreciation And Amortization In Income Statement": 159000000.0,
        "Selling General And Administration": 333000000.0,
        "Gross Profit": 550000000.0,
        "Cost Of Revenue": 413000000.0,
        "Total Revenue": 963000000.0,
        "Operating Revenue": 963000000.0
    }
}