{
    "2023-06-30": {
        "Tax Effect Of Unusual Items": NaN,
        "Tax Rate For Calcs": NaN,
        "Normalized EBITDA": NaN,
        "Net Income From Continuing Operation Net Minority Interest": NaN,
        "Reconciled Depreciation": NaN,
        "Reconciled Cost Of Revenue": NaN,
        "EBITDA": NaN,
        "EBIT": NaN,
        "Net Interest Income": NaN,
        "Interest Expense": NaN,
        "Interest Income": NaN,
        "Normalized Income": NaN,
        "Net Income From Continuing And Discontinued Operation": NaN,
        "Total Expenses": NaN,
        "Total Operating Income As Reported": NaN,
        "Diluted Average Shares": NaN,
        "Basic Average Shares": NaN,
        "Diluted EPS": NaN,
        "Basic EPS": NaN,
        "Diluted NI Availto Com Stockholders": NaN,
        "Net Income Common Stockholders": NaN,
        "Net Income": NaN,
        "Net Income Including Noncontrolling Interests": NaN,
        "Net Income Continuous Operations": NaN,
        "Tax Provision": NaN,
        "Pretax Income": NaN,
        "Other Income Expense": NaN,
        "Other Non Operating Income Expenses": NaN,
        "Net Non Operating Interest Income Expense": NaN,
        "Interest Expense Non Operating": NaN,
        "Interest Income Non Operating": NaN,
        "Operating Income": NaN,
        "Operating Expense": NaN,
        "Other Operating Expenses": NaN,
        "Selling General And Administration": NaN,
        "Selling And Marketing Expense": 102380000.0,
        "General And Administrative Expense": 68096000.0,
        "Other Gand A": 68096000.0,
        "Gross Profit": NaN,
        "Cost Of Revenue": NaN,
        "Total Revenue": NaN,
        "Operating Revenue": NaN
    },
    "2023-03-31": {
        "Tax Effect Of Unusual Items": NaN,
        "Tax Rate For Calcs": NaN,
        "Normalized EBITDA": NaN,
        "Net Income From Continuing Operation Net Minority Interest": NaN,
        "Reconciled Depreciation": NaN,
        "Reconciled Cost Of Revenue": NaN,
        "EBITDA": NaN,
        "EBIT": NaN,
        "Net Interest Income": NaN,
        "Interest Expense": NaN,
        "Interest Income": NaN,
        "Normalized Income": NaN,
        "Net Income From Continuing And Discontinued Operation": NaN,
        "Total Expenses": NaN,
        "Total Operating Income As Reported": NaN,
        "Diluted Average Shares": NaN,
        "Basic Average Shares": NaN,
        "Diluted EPS": NaN,
        "Basic EPS": NaN,
        "Diluted NI Availto Com Stockholders": NaN,
        "Net Income Common Stockholders": NaN,
        "Net Income": NaN,
        "Net Income Including Noncontrolling Interests": NaN,
        "Net Income Continuous Operations": NaN,
        "Tax Provision": NaN,
        "Pretax Income": NaN,
        "Other Income Expense": NaN,
        "Other Non Operating Income Expenses": NaN,
        "Net Non Operating Interest Income Expense": NaN,
        "Interest Expense Non Operating": NaN,
        "Interest Income Non Operating": NaN,
        "Operating Income": NaN,
        "Operating Expense": NaN,
        "Other Operating Expenses": NaN,
        "Selling General And Administration": NaN,
        "Selling And Marketing Expense": 106070000.0,
        "General And Administrative Expense": 66926000.0,
        "Other Gand A": 66926000.0,
        "Gross Profit": NaN,
        "Cost Of Revenue": NaN,
        "Total Revenue": NaN,
        "Operating Revenue": NaN
    },
    "2022-12-31": {
        "Tax Effect Of Unusual Items": NaN,
        "Tax Rate For Calcs": NaN,
        "Normalized EBITDA": NaN,
        "Net Income From Continuing Operation Net Minority Interest": NaN,
        "Reconciled Depreciation": NaN,
        "Reconciled Cost Of Revenue": NaN,
        "EBITDA": NaN,
        "EBIT": NaN,
        "Net Interest Income": NaN,
        "Interest Expense": NaN,
        "Interest Income": NaN,
        "Normalized Income": NaN,
        "Net Income From Continuing And Discontinued Operation": NaN,
        "Total Expenses": NaN,
        "Total Operating Income As Reported": NaN,
        "Diluted Average Shares": NaN,
        "Basic Average Shares": NaN,
        "Diluted EPS": NaN,
        "Basic EPS": NaN,
        "Diluted NI Availto Com Stockholders": NaN,
        "Net Income Common Stockholders": NaN,
        "Net Income": NaN,
        "Net Income Including Noncontrolling Interests": NaN,
        "Net Income Continuous Operations": NaN,
        "Tax Provision": NaN,
        "Pretax Income": NaN,
        "Other Income Expense": NaN,
        "Other Non Operating Income Expenses": NaN,
        "Net Non Operating Interest Income Expense": NaN,
        "Interest Expense Non Operating": NaN,
        "Interest Income Non Operating": NaN,
        "Operating Income": NaN,
        "Operating Expense": NaN,
        "Other Operating Expenses": NaN,
        "Selling General And Administration": NaN,
        "Selling And Marketing Expense": 97879000.0,
        "General And Administrative Expense": 61100000.0,
        "Other Gand A": 61100000.0,
        "Gross Profit": NaN,
        "Cost Of Revenue": NaN,
        "Total Revenue": NaN,
        "Operating Revenue": NaN
    },
    "2022-09-30": {
        "Tax Effect Of Unusual Items": 0.0,
        "Tax Rate For Calcs": 0.357,
        "Normalized EBITDA": 22630000.0,
        "Net Income From Continuing Operation Net Minority Interest": 14929000.0,
        "Reconciled Depreciation": 5425000.0,
        "Reconciled Cost Of Revenue": 46560000.0,
        "EBITDA": 22630000.0,
        "EBIT": 22630000.0,
        "Net Interest Income": 886000.0,
        "Interest Expense": 32000.0,
        "Interest Income": 918000.0,
        "Normalized Income": 14929000.0,
        "Net Income From Continuing And Discontinued Operation": 14929000.0,
        "Total Expenses": 210670000.0,
        "Total Operating Income As Reported": 22630000.0,
        "Diluted Average Shares": 19252000.0,
        "Basic Average Shares": 19221000.0,
        "Diluted EPS": 0.78,
        "Basic EPS": 0.78,
        "Diluted NI Availto Com Stockholders": 14929000.0,
        "Net Income Common Stockholders": 14929000.0,
        "Net Income": 14929000.0,
        "Net Income Including Noncontrolling Interests": 14929000.0,
        "Net Income Continuous Operations": 14929000.0,
        "Tax Provision": 8295000.0,
        "Pretax Income": 23224000.0,
        "Other Income Expense": 594000.0,
        "Other Non Operating Income Expenses": 594000.0,
        "Net Non Operating Interest Income Expense": 886000.0,
        "Interest Expense Non Operating": 32000.0,
        "Interest Income Non Operating": 918000.0,
        "Operating Income": 22630000.0,
        "Operating Expense": 164110000.0,
        "Selling General And Administration": 164110000.0,
        "Selling And Marketing Expense": 98090000.0,
        "General And Administrative Expense": 66020000.0,
        "Other Gand A": 66020000.0,
        "Gross Profit": 186740000.0,
        "Cost Of Revenue": 46560000.0,
        "Total Revenue": 233300000.0,
        "Operating Revenue": 233300000.0
    },
    "2022-06-30": {
        "Tax Effect Of Unusual Items": 0.0,
        "Tax Rate For Calcs": 0.346,
        "Normalized EBITDA": 29366000.0,
        "Net Income From Continuing Operation Net Minority Interest": 19157000.0,
        "Reconciled Depreciation": 5127000.0,
        "Reconciled Cost Of Revenue": 49517000.0,
        "EBITDA": 29366000.0,
        "EBIT": 29366000.0,
        "Net Interest Income": 577000.0,
        "Interest Expense": 96000.0,
        "Interest Income": 673000.0,
        "Normalized Income": 19157000.0,
        "Net Income From Continuing And Discontinued Operation": 19157000.0,
        "Total Expenses": 235108000.0,
        "Total Operating Income As Reported": 29366000.0,
        "Diluted Average Shares": 19244000.0,
        "Basic Average Shares": 19215000.0,
        "Diluted EPS": 1.0,
        "Basic EPS": 1.0,
        "Diluted NI Availto Com Stockholders": 19157000.0,
        "Net Income Common Stockholders": 19157000.0,
        "Net Income": 19157000.0,
        "Net Income Including Noncontrolling Interests": 19157000.0,
        "Net Income Continuous Operations": 19157000.0,
        "Tax Provision": 10151000.0,
        "Pretax Income": 29308000.0,
        "Other Income Expense": -58000.0,
        "Other Non Operating Income Expenses": -58000.0,
        "Net Non Operating Interest Income Expense": 577000.0,
        "Interest Expense Non Operating": 96000.0,
        "Interest Income Non Operating": 673000.0,
        "Operating Income": 29366000.0,
        "Operating Expense": 185591000.0,
        "Selling General And Administration": 185591000.0,
        "Selling And Marketing Expense": 119204000.0,
        "General And Administrative Expense": 66387000.0,
        "Other Gand A": 66387000.0,
        "Gross Profit": 214957000.0,
        "Cost Of Revenue": 49517000.0,
        "Total Revenue": 264474000.0,
        "Operating Revenue": 264474000.0
    },
    "2022-03-31": {
        "Diluted EPS": 1.15,
        "Total Revenue": 273,
        "Gross Profit": 221,
        "Operating Income": 33,
        "EBIT": 39,
        "Net Income": 22
    },
    "2021-12-31": {
        "Diluted EPS": 1.05,
        "Total Revenue": 267,
        "Gross Profit": 215,
        "Operating Income": 32,
        "EBIT": 37,
        "Net Income": 20
    },
    "2021-09-30": {
        "Diluted EPS": 1.36,
        "Total Revenue": 274,
        "Gross Profit": 224,
        "Operating Income": 41,
        "EBIT": 46,
        "Net Income": 27
    },
    "2021-06-30": {
        "Diluted EPS": 1.87,
        "Total Revenue": 337,
        "Gross Profit": 280,
        "Operating Income": 54,
        "EBIT": 59,
        "Net Income": 38
    },
    "2021-03-31": {
        "Diluted EPS": 1.45,
        "Total Revenue": 308,
        "Gross Profit": 250,
        "Operating Income": 44,
        "EBIT": 50,
        "Net Income": 31
    },
    "2020-12-31": {
        "Diluted EPS": 1.87,
        "Total Revenue": 311,
        "Gross Profit": 252,
        "Operating Income": 53,
        "EBIT": 58,
        "Net Income": 40
    },
    "2020-09-30": {
        "Diluted EPS": 1.44,
        "Total Revenue": 299,
        "Gross Profit": 242,
        "Operating Income": 45,
        "EBIT": 51,
        "Net Income": 31
    },
    "2020-06-30": {
        "Diluted EPS": 1.32,
        "Total Revenue": 259,
        "Gross Profit": 211,
        "Operating Income": 40,
        "EBIT": 45,
        "Net Income": 28
    },
    "2020-03-31": {
        "Diluted EPS": 1.23,
        "Total Revenue": 267,
        "Gross Profit": 221,
        "Operating Income": 39,
        "EBIT": 45,
        "Net Income": 27
    },
    "2019-12-31": {
        "Diluted EPS": 1.4,
        "Total Revenue": 271,
        "Gross Profit": 224,
        "Operating Income": 45,
        "EBIT": 50,
        "Net Income": 31
    },
    "2019-09-30": {
        "Diluted EPS": 1.09,
        "Total Revenue": 261,
        "Gross Profit": 213,
        "Operating Income": 35,
        "EBIT": 41,
        "Net Income": 24
    },
    "2019-06-30": {
        "Diluted EPS": 0.91,
        "Total Revenue": 256,
        "Gross Profit": 210,
        "Operating Income": 31,
        "EBIT": 37,
        "Net Income": 21
    },
    "2019-03-31": {
        "Diluted EPS": 1.01,
        "Total Revenue": 273,
        "Gross Profit": 227,
        "Operating Income": 35,
        "EBIT": 41,
        "Net Income": 24
    },
    "2018-12-31": {
        "Diluted EPS": 1.33,
        "Total Revenue": 299,
        "Gross Profit": 250,
        "Operating Income": 49,
        "EBIT": 53,
        "Net Income": 32
    },
    "2018-09-30": {
        "Diluted EPS": 1.24,
        "Total Revenue": 297,
        "Gross Profit": 245,
        "Operating Income": 46,
        "EBIT": 50,
        "Net Income": 31
    },
    "2018-06-30": {
        "Diluted EPS": 1.36,
        "Total Revenue": 301,
        "Gross Profit": 251,
        "Operating Income": 51,
        "EBIT": 55,
        "Net Income": 34
    },
    "2018-03-31": {
        "Diluted EPS": 1.19,
        "Total Revenue": 292,
        "Gross Profit": 243,
        "Operating Income": 43,
        "EBIT": 48,
        "Net Income": 29
    },
    "2017-12-31": {
        "Diluted EPS": -0.23,
        "Total Revenue": 273,
        "Gross Profit": 227,
        "Operating Income": 36,
        "EBIT": 40,
        "Net Income": -6
    },
    "2017-09-30": {
        "Diluted EPS": 0.97,
        "Total Revenue": 262,
        "Gross Profit": 215,
        "Operating Income": 31,
        "EBIT": 35,
        "Net Income": 24
    },
    "2017-06-30": {
        "Diluted EPS": 0.93,
        "Total Revenue": 257,
        "Gross Profit": 213,
        "Operating Income": 32,
        "EBIT": 37,
        "Net Income": 23
    },
    "2017-03-31": {
        "Diluted EPS": 0.86,
        "Total Revenue": 255,
        "Gross Profit": 213,
        "Operating Income": 33,
        "EBIT": 36,
        "Net Income": 21
    },
    "2016-12-31": {
        "Diluted EPS": 0.87,
        "Total Revenue": 253,
        "Gross Profit": 207,
        "Operating Income": 32,
        "EBIT": 35,
        "Net Income": 22
    },
    "2016-09-30": {
        "Diluted EPS": 1.2,
        "Total Revenue": 254,
        "Gross Profit": 209,
        "Operating Income": 36,
        "EBIT": 39,
        "Net Income": 30
    },
    "2016-06-30": {
        "Diluted EPS": 1.03,
        "Total Revenue": 259,
        "Gross Profit": 213,
        "Operating Income": 37,
        "EBIT": 41,
        "Net Income": 26
    },
    "2016-03-31": {
        "Diluted EPS": 0.89,
        "Total Revenue": 240,
        "Gross Profit": 198,
        "Operating Income": 34,
        "EBIT": 37,
        "Net Income": 22
    },
    "2015-12-31": {
        "Diluted EPS": 0.92,
        "Total Revenue": 233,
        "Gross Profit": 192,
        "Operating Income": 35,
        "EBIT": 38,
        "Net Income": 24
    },
    "2015-09-30": {
        "Diluted EPS": 0.96,
        "Total Revenue": 233,
        "Gross Profit": 192,
        "Operating Income": 38,
        "EBIT": 41,
        "Net Income": 26
    },
    "2015-06-30": {
        "Diluted EPS": 0.96,
        "Total Revenue": 233,
        "Gross Profit": 193,
        "Operating Income": 39,
        "EBIT": 41,
        "Net Income": 25
    },
    "2015-03-31": {
        "Diluted EPS": 0.75,
        "Total Revenue": 219,
        "Gross Profit": 181,
        "Operating Income": 30,
        "EBIT": 32,
        "Net Income": 20
    },
    "2014-12-31": {
        "Diluted EPS": 0.81,
        "Total Revenue": 228,
        "Gross Profit": 190,
        "Operating Income": 33,
        "EBIT": 35,
        "Net Income": 21
    },
    "2014-09-30": {
        "Diluted EPS": 0.74,
        "Total Revenue": 192,
        "Gross Profit": 157,
        "Operating Income": 29,
        "EBIT": 32,
        "Net Income": 19
    },
    "2014-06-30": {
        "Diluted EPS": 0.68,
        "Total Revenue": 188,
        "Gross Profit": 153,
        "Operating Income": 29,
        "EBIT": 31,
        "Net Income": 19
    },
    "2014-03-31": {
        "Diluted EPS": 0.58,
        "Total Revenue": 182,
        "Gross Profit": 149,
        "Operating Income": 25,
        "EBIT": 27,
        "Net Income": 17
    },
    "2013-12-31": {
        "Diluted EPS": 0.7,
        "Total Revenue": 186,
        "Gross Profit": 152,
        "Operating Income": 29,
        "EBIT": 31,
        "Net Income": 20
    },
    "2013-09-30": {
        "Diluted EPS": 0.58,
        "Total Revenue": 174,
        "Gross Profit": 142,
        "Operating Income": 25,
        "EBIT": 27,
        "Net Income": 17
    },
    "2013-06-30": {
        "Diluted EPS": 0.86,
        "Total Revenue": 189,
        "Gross Profit": 157,
        "Operating Income": 36,
        "EBIT": 39,
        "Net Income": 24
    },
    "2013-03-31": {
        "Diluted EPS": 0.64,
        "Total Revenue": 169,
        "Gross Profit": 139,
        "Operating Income": 27,
        "EBIT": 29,
        "Net Income": 18
    },
    "2012-12-31": {
        "Diluted EPS": 0.63,
        "Total Revenue": 169,
        "Gross Profit": 138,
        "Operating Income": 28,
        "EBIT": 30,
        "Net Income": 18
    },
    "2012-09-30": {
        "Diluted EPS": 0.59,
        "Total Revenue": 165,
        "Gross Profit": 135,
        "Operating Income": 24,
        "EBIT": 26,
        "Net Income": 17
    },
    "2012-06-30": {
        "Diluted EPS": 0.56,
        "Total Revenue": 161,
        "Gross Profit": 133,
        "Operating Income": 25,
        "EBIT": 27,
        "Net Income": 17
    },
    "2012-03-31": {
        "Diluted EPS": 0.45,
        "Total Revenue": 154,
        "Gross Profit": 127,
        "Operating Income": 21,
        "EBIT": 23,
        "Net Income": 14
    },
    "2011-12-31": {
        "Diluted EPS": 0.44,
        "Total Revenue": 146,
        "Gross Profit": 121,
        "Operating Income": 20,
        "EBIT": 22,
        "Net Income": 13
    },
    "2011-09-30": {
        "Diluted EPS": 0.41,
        "Total Revenue": 144,
        "Gross Profit": 118,
        "Operating Income": 19,
        "EBIT": 21,
        "Net Income": 12
    },
    "2011-06-30": {
        "Diluted EPS": 0.44,
        "Total Revenue": 149,
        "Gross Profit": 123,
        "Operating Income": 21,
        "EBIT": 23,
        "Net Income": 14
    },
    "2011-03-31": {
        "Diluted EPS": 0.35,
        "Total Revenue": 144,
        "Gross Profit": 118,
        "Operating Income": 17,
        "EBIT": 19,
        "Net Income": 11
    },
    "2010-12-31": {
        "Diluted EPS": 0.38,
        "Total Revenue": 138,
        "Gross Profit": 113,
        "Operating Income": 18,
        "EBIT": 20,
        "Net Income": 12
    },
    "2010-09-30": {
        "Diluted EPS": 0.4,
        "Total Revenue": 135,
        "Gross Profit": 110,
        "Operating Income": 19,
        "EBIT": 21,
        "Net Income": 13
    },
    "2010-06-30": {
        "Diluted EPS": 0.35,
        "Total Revenue": 126,
        "Gross Profit": 103,
        "Operating Income": 17,
        "EBIT": 19,
        "Net Income": 11
    },
    "2010-03-31": {
        "Diluted EPS": 0.31,
        "Total Revenue": 119,
        "Gross Profit": 96,
        "Operating Income": 14,
        "EBIT": 16,
        "Net Income": 10
    },
    "2009-12-31": {
        "Diluted EPS": 0.33,
        "Total Revenue": 117,
        "Gross Profit": 93,
        "Operating Income": 15,
        "EBIT": 17,
        "Net Income": 10
    },
    "2009-09-30": {
        "Diluted EPS": 0.26,
        "Total Revenue": 111,
        "Gross Profit": 88,
        "Operating Income": 12,
        "EBIT": 14,
        "Net Income": 8
    },
    "2009-06-30": {
        "Diluted EPS": 0.29,
        "Total Revenue": 112,
        "Gross Profit": 88,
        "Operating Income": 13,
        "EBIT": 15,
        "Net Income": 9
    },
    "2009-03-31": {
        "Diluted EPS": 0.22,
        "Total Revenue": 97,
        "Gross Profit": 77,
        "Operating Income": 10,
        "EBIT": 12,
        "Net Income": 7
    },
    "2023-09-30": {
        "Tax Effect Of Unusual Items": 0.0,
        "Tax Rate For Calcs": 0.21,
        "Normalized EBITDA": 25733000.0,
        "Net Income From Continuing Operation Net Minority Interest": 11347000.0,
        "Reconciled Depreciation": 5159000.0,
        "Reconciled Cost Of Revenue": 42529000.0,
        "EBITDA": 25733000.0,
        "EBIT": 20574000.0,
        "Net Interest Income": 2690000.0,
        "Interest Expense": 43000.0,
        "Interest Income": 2733000.0,
        "Normalized Income": 11347000.0,
        "Net Income From Continuing And Discontinued Operation": 11347000.0,
        "Total Expenses": 195758000.0,
        "Total Operating Income As Reported": 17607000.0,
        "Diluted Average Shares": 19372000.0,
        "Basic Average Shares": 19122000.0,
        "Diluted EPS": 0.59,
        "Basic EPS": 0.5934,
        "Diluted NI Availto Com Stockholders": 11347000.0,
        "Net Income Common Stockholders": 11347000.0,
        "Net Income": 11347000.0,
        "Net Income Including Noncontrolling Interests": 11347000.0,
        "Net Income Continuous Operations": 11347000.0,
        "Tax Provision": 9184000.0,
        "Pretax Income": 20531000.0,
        "Other Income Expense": 234000.0,
        "Other Non Operating Income Expenses": 234000.0,
        "Net Non Operating Interest Income Expense": 2690000.0,
        "Interest Expense Non Operating": 43000.0,
        "Interest Income Non Operating": 2733000.0,
        "Operating Income": 17607000.0,
        "Operating Expense": 153229000.0,
        "Other Operating Expenses": 89926000.0,
        "Selling General And Administration": 63303000.0,
        "Selling And Marketing Expense": 89926000.0,
        "General And Administrative Expense": 63303000.0,
        "Other Gand A": 63303000.0,
        "Gross Profit": 170836000.0,
        "Cost Of Revenue": 42529000.0,
        "Total Revenue": 213365000.0,
        "Operating Revenue": 213365000.0
    },
    "2023-12-31": {
        "Tax Effect Of Unusual Items": 0.0,
        "Tax Rate For Calcs": 0.36996,
        "Normalized EBITDA": 31627000.0,
        "Net Income From Continuing Operation Net Minority Interest": 16766000.0,
        "Reconciled Depreciation": 4871000.0,
        "Reconciled Cost Of Revenue": 42319000.0,
        "EBITDA": 31627000.0,
        "EBIT": 26756000.0,
        "Net Interest Income": 2760000.0,
        "Interest Expense": 145000.0,
        "Interest Income": 2905000.0,
        "Normalized Income": 16766000.0,
        "Net Income From Continuing And Discontinued Operation": 16766000.0,
        "Total Expenses": 196864000.0,
        "Total Operating Income As Reported": 24219000.0,
        "Diluted Average Shares": 19253000.0,
        "Basic Average Shares": 19130000.0,
        "Diluted EPS": 0.87,
        "Basic EPS": 0.876424,
        "Diluted NI Availto Com Stockholders": 16766000.0,
        "Net Income Common Stockholders": 16766000.0,
        "Net Income": 16766000.0,
        "Net Income Including Noncontrolling Interests": 16766000.0,
        "Net Income Continuous Operations": 16766000.0,
        "Tax Provision": 9845000.0,
        "Pretax Income": 26611000.0,
        "Other Income Expense": -368000.0,
        "Other Non Operating Income Expenses": -368000.0,
        "Net Non Operating Interest Income Expense": 2760000.0,
        "Interest Expense Non Operating": 145000.0,
        "Interest Income Non Operating": 2905000.0,
        "Operating Income": 24219000.0,
        "Operating Expense": 154545000.0,
        "Other Operating Expenses": 95881000.0,
        "Selling General And Administration": 58664000.0,
        "Selling And Marketing Expense": 95881000.0,
        "General And Administrative Expense": 58664000.0,
        "Other Gand A": 58664000.0,
        "Gross Profit": 178764000.0,
        "Cost Of Revenue": 42319000.0,
        "Total Revenue": 221083000.0,
        "Operating Revenue": 221083000.0
    },
    "2024-03-31": {
        "Tax Effect Of Unusual Items": 0.0,
        "Tax Rate For Calcs": 0.39,
        "Normalized EBITDA": 32247000.0,
        "Net Income From Continuing Operation Net Minority Interest": 16537000.0,
        "Reconciled Depreciation": 5084000.0,
        "Reconciled Cost Of Revenue": 43069000.0,
        "EBITDA": 32247000.0,
        "EBIT": 27163000.0,
        "Net Interest Income": 2624000.0,
        "Interest Expense": 52000.0,
        "Interest Income": 2676000.0,
        "Normalized Income": 16537000.0,
        "Net Income From Continuing And Discontinued Operation": 16537000.0,
        "Total Expenses": 203127000.0,
        "Total Operating Income As Reported": 24673000.0,
        "Diluted Average Shares": 19302000.0,
        "Basic Average Shares": 19174000.0,
        "Diluted EPS": 0.86,
        "Basic EPS": 0.86,
        "Diluted NI Availto Com Stockholders": 16537000.0,
        "Net Income Common Stockholders": 16537000.0,
        "Net Income": 16537000.0,
        "Net Income Including Noncontrolling Interests": 16537000.0,
        "Net Income Continuous Operations": 16537000.0,
        "Tax Provision": 10574000.0,
        "Pretax Income": 27111000.0,
        "Other Income Expense": -186000.0,
        "Other Non Operating Income Expenses": -186000.0,
        "Net Non Operating Interest Income Expense": 2624000.0,
        "Interest Expense Non Operating": 52000.0,
        "Interest Income Non Operating": 2676000.0,
        "Operating Income": 24673000.0,
        "Operating Expense": 160058000.0,
        "Other Operating Expenses": 95758000.0,
        "Selling General And Administration": 64300000.0,
        "Selling And Marketing Expense": NaN,
        "General And Administrative Expense": NaN,
        "Other Gand A": NaN,
        "Gross Profit": 184731000.0,
        "Cost Of Revenue": 43069000.0,
        "Total Revenue": 227800000.0,
        "Operating Revenue": 227800000.0
    },
    "2024-06-30": {
        "Tax Effect Of Unusual Items": 0.0,
        "Tax Rate For Calcs": 0.21,
        "Normalized EBITDA": 25956000.0,
        "Net Income From Continuing Operation Net Minority Interest": 10432000.0,
        "Reconciled Depreciation": 5702000.0,
        "Reconciled Cost Of Revenue": 40333000.0,
        "EBITDA": 25956000.0,
        "EBIT": 20254000.0,
        "Net Interest Income": 2712000.0,
        "Interest Expense": 51000.0,
        "Interest Income": 2763000.0,
        "Normalized Income": 10432000.0,
        "Net Income From Continuing And Discontinued Operation": 10432000.0,
        "Total Expenses": 195029000.0,
        "Total Operating Income As Reported": 17840000.0,
        "Diluted Average Shares": 19159000.0,
        "Basic Average Shares": 19073000.0,
        "Diluted EPS": 0.54,
        "Basic EPS": 0.55,
        "Diluted NI Availto Com Stockholders": 10432000.0,
        "Net Income Common Stockholders": 10432000.0,
        "Net Income": 10432000.0,
        "Net Income Including Noncontrolling Interests": 10432000.0,
        "Net Income Continuous Operations": 10432000.0,
        "Tax Provision": 9771000.0,
        "Pretax Income": 20203000.0,
        "Other Income Expense": -349000.0,
        "Other Non Operating Income Expenses": -349000.0,
        "Net Non Operating Interest Income Expense": 2712000.0,
        "Interest Expense Non Operating": 51000.0,
        "Interest Income Non Operating": 2763000.0,
        "Operating Income": 17840000.0,
        "Operating Expense": 154696000.0,
        "Other Operating Expenses": 90371000.0,
        "Selling General And Administration": 64325000.0,
        "Selling And Marketing Expense": NaN,
        "General And Administrative Expense": NaN,
        "Other Gand A": NaN,
        "Gross Profit": 172536000.0,
        "Cost Of Revenue": 40333000.0,
        "Total Revenue": 212869000.0,
        "Operating Revenue": 212869000.0
    },
    "2024-09-30": {
        "Tax Effect Of Unusual Items": 0.0,
        "Tax Rate For Calcs": 0.21,
        "Normalized EBITDA": 24216000.0,
        "Net Income From Continuing Operation Net Minority Interest": 10607000.0,
        "Reconciled Depreciation": 5559000.0,
        "Reconciled Cost Of Revenue": 39257000.0,
        "EBITDA": 24216000.0,
        "EBIT": 18657000.0,
        "Net Interest Income": 3093000.0,
        "Interest Expense": 49000.0,
        "Interest Income": 3142000.0,
        "Normalized Income": 10607000.0,
        "Net Income From Continuing And Discontinued Operation": 10607000.0,
        "Total Expenses": 184620000.0,
        "Total Operating Income As Reported": 15601000.0,
        "Diluted Average Shares": 19083000.0,
        "Basic Average Shares": 19078000.0,
        "Diluted EPS": 0.56,
        "Basic EPS": 0.56,
        "Diluted NI Availto Com Stockholders": 10607000.0,
        "Net Income Common Stockholders": 10607000.0,
        "Net Income": 10607000.0,
        "Net Income Including Noncontrolling Interests": 10607000.0,
        "Net Income Continuous Operations": 10607000.0,
        "Tax Provision": 8001000.0,
        "Pretax Income": 18608000.0,
        "Other Income Expense": -86000.0,
        "Other Non Operating Income Expenses": -86000.0,
        "Net Non Operating Interest Income Expense": 3093000.0,
        "Interest Expense Non Operating": 49000.0,
        "Interest Income Non Operating": 3142000.0,
        "Operating Income": 15601000.0,
        "Operating Expense": 145363000.0,
        "Other Operating Expenses": 84068000.0,
        "Selling General And Administration": 61295000.0,
        "Selling And Marketing Expense": NaN,
        "General And Administrative Expense": 61295000.0,
        "Other Gand A": 61295000.0,
        "Gross Profit": 160964000.0,
        "Cost Of Revenue": 39257000.0,
        "Total Revenue": 200221000.0,
        "Operating Revenue": 200221000.0
    }
}