{
    "2023-03-31": {
        "Tax Effect Of Unusual Items": NaN,
        "Tax Rate For Calcs": NaN,
        "Normalized EBITDA": NaN,
        "Total Unusual Items": NaN,
        "Total Unusual Items Excluding Goodwill": NaN,
        "Net Income From Continuing Operation Net Minority Interest": NaN,
        "Reconciled Depreciation": NaN,
        "Reconciled Cost Of Revenue": NaN,
        "EBITDA": NaN,
        "EBIT": NaN,
        "Net Interest Income": NaN,
        "Interest Expense": NaN,
        "Interest Income": NaN,
        "Normalized Income": NaN,
        "Net Income From Continuing And Discontinued Operation": NaN,
        "Total Expenses": NaN,
        "Rent Expense Supplemental": NaN,
        "Total Operating Income As Reported": NaN,
        "Diluted Average Shares": NaN,
        "Basic Average Shares": NaN,
        "Diluted EPS": NaN,
        "Basic EPS": NaN,
        "Diluted NI Availto Com Stockholders": NaN,
        "Net Income Common Stockholders": NaN,
        "Otherunder Preferred Stock Dividend": NaN,
        "Net Income": NaN,
        "Minority Interests": NaN,
        "Net Income Including Noncontrolling Interests": NaN,
        "Net Income Continuous Operations": NaN,
        "Tax Provision": NaN,
        "Pretax Income": NaN,
        "Other Income Expense": NaN,
        "Other Non Operating Income Expenses": NaN,
        "Special Income Charges": NaN,
        "Restructuring And Mergern Acquisition": NaN,
        "Earnings From Equity Interest": NaN,
        "Gain On Sale Of Security": NaN,
        "Net Non Operating Interest Income Expense": NaN,
        "Interest Expense Non Operating": NaN,
        "Interest Income Non Operating": NaN,
        "Operating Income": NaN,
        "Operating Expense": NaN,
        "Other Operating Expenses": NaN,
        "Selling General And Administration": 13859000.0,
        "General And Administrative Expense": 13859000.0,
        "Other Gand A": 13859000.0,
        "Gross Profit": NaN,
        "Cost Of Revenue": NaN,
        "Total Revenue": NaN,
        "Operating Revenue": NaN
    },
    "2022-12-31": {
        "Tax Effect Of Unusual Items": NaN,
        "Tax Rate For Calcs": NaN,
        "Normalized EBITDA": NaN,
        "Total Unusual Items": NaN,
        "Total Unusual Items Excluding Goodwill": NaN,
        "Net Income From Continuing Operation Net Minority Interest": NaN,
        "Reconciled Depreciation": NaN,
        "Reconciled Cost Of Revenue": NaN,
        "EBITDA": NaN,
        "EBIT": NaN,
        "Net Interest Income": NaN,
        "Interest Expense": NaN,
        "Interest Income": NaN,
        "Normalized Income": NaN,
        "Net Income From Continuing And Discontinued Operation": NaN,
        "Total Expenses": NaN,
        "Rent Expense Supplemental": NaN,
        "Total Operating Income As Reported": NaN,
        "Diluted Average Shares": NaN,
        "Basic Average Shares": NaN,
        "Diluted EPS": NaN,
        "Basic EPS": NaN,
        "Diluted NI Availto Com Stockholders": NaN,
        "Net Income Common Stockholders": NaN,
        "Otherunder Preferred Stock Dividend": NaN,
        "Net Income": NaN,
        "Minority Interests": NaN,
        "Net Income Including Noncontrolling Interests": NaN,
        "Net Income Continuous Operations": NaN,
        "Tax Provision": NaN,
        "Pretax Income": NaN,
        "Other Income Expense": NaN,
        "Other Non Operating Income Expenses": NaN,
        "Special Income Charges": NaN,
        "Restructuring And Mergern Acquisition": NaN,
        "Earnings From Equity Interest": NaN,
        "Gain On Sale Of Security": NaN,
        "Net Non Operating Interest Income Expense": NaN,
        "Interest Expense Non Operating": NaN,
        "Interest Income Non Operating": NaN,
        "Operating Income": NaN,
        "Operating Expense": NaN,
        "Other Operating Expenses": NaN,
        "Selling General And Administration": 11925000.0,
        "General And Administrative Expense": 11925000.0,
        "Other Gand A": 11925000.0,
        "Gross Profit": NaN,
        "Cost Of Revenue": NaN,
        "Total Revenue": NaN,
        "Operating Revenue": NaN
    },
    "2022-09-30": {
        "Tax Effect Of Unusual Items": NaN,
        "Tax Rate For Calcs": NaN,
        "Normalized EBITDA": NaN,
        "Total Unusual Items": NaN,
        "Total Unusual Items Excluding Goodwill": NaN,
        "Net Income From Continuing Operation Net Minority Interest": NaN,
        "Reconciled Depreciation": NaN,
        "Reconciled Cost Of Revenue": NaN,
        "EBITDA": NaN,
        "EBIT": NaN,
        "Net Interest Income": NaN,
        "Interest Expense": NaN,
        "Interest Income": NaN,
        "Normalized Income": NaN,
        "Net Income From Continuing And Discontinued Operation": NaN,
        "Total Expenses": NaN,
        "Rent Expense Supplemental": NaN,
        "Total Operating Income As Reported": NaN,
        "Diluted Average Shares": NaN,
        "Basic Average Shares": NaN,
        "Diluted EPS": NaN,
        "Basic EPS": NaN,
        "Diluted NI Availto Com Stockholders": NaN,
        "Net Income Common Stockholders": NaN,
        "Otherunder Preferred Stock Dividend": NaN,
        "Net Income": NaN,
        "Minority Interests": NaN,
        "Net Income Including Noncontrolling Interests": NaN,
        "Net Income Continuous Operations": NaN,
        "Tax Provision": NaN,
        "Pretax Income": NaN,
        "Other Income Expense": NaN,
        "Other Non Operating Income Expenses": 65000.0,
        "Special Income Charges": NaN,
        "Restructuring And Mergern Acquisition": NaN,
        "Earnings From Equity Interest": NaN,
        "Gain On Sale Of Security": NaN,
        "Net Non Operating Interest Income Expense": NaN,
        "Interest Expense Non Operating": NaN,
        "Interest Income Non Operating": NaN,
        "Operating Income": NaN,
        "Operating Expense": NaN,
        "Other Operating Expenses": NaN,
        "Selling General And Administration": 11889000.0,
        "General And Administrative Expense": 11889000.0,
        "Other Gand A": 11889000.0,
        "Gross Profit": NaN,
        "Cost Of Revenue": NaN,
        "Total Revenue": NaN,
        "Operating Revenue": NaN
    },
    "2022-06-30": {
        "Tax Effect Of Unusual Items": 0.0,
        "Tax Rate For Calcs": 0.275,
        "Normalized EBITDA": 23956000.0,
        "Total Unusual Items": NaN,
        "Total Unusual Items Excluding Goodwill": NaN,
        "Net Income From Continuing Operation Net Minority Interest": 11405000.0,
        "Reconciled Depreciation": 3474000.0,
        "Reconciled Cost Of Revenue": 109835000.0,
        "EBITDA": 23956000.0,
        "EBIT": 20482000.0,
        "Net Interest Income": -308000.0,
        "Interest Expense": 987000.0,
        "Interest Income": 679000.0,
        "Normalized Income": 11405000.0,
        "Net Income From Continuing And Discontinued Operation": 11405000.0,
        "Total Expenses": 120576000.0,
        "Rent Expense Supplemental": 28345000.0,
        "Total Operating Income As Reported": 20080000.0,
        "Diluted Average Shares": 12998000.0,
        "Basic Average Shares": 12998000.0,
        "Diluted EPS": 0.87,
        "Basic EPS": 0.87,
        "Diluted NI Availto Com Stockholders": 11351000.0,
        "Net Income Common Stockholders": 11351000.0,
        "Otherunder Preferred Stock Dividend": 54000.0,
        "Net Income": 11405000.0,
        "Minority Interests": -3851000.0,
        "Net Income Including Noncontrolling Interests": 15256000.0,
        "Net Income Continuous Operations": 15256000.0,
        "Tax Provision": 4239000.0,
        "Pretax Income": 19495000.0,
        "Other Income Expense": -277000.0,
        "Other Non Operating Income Expenses": -617000.0,
        "Special Income Charges": NaN,
        "Impairment Of Capital Assets": NaN,
        "Restructuring And Mergern Acquisition": NaN,
        "Earnings From Equity Interest": 340000.0,
        "Gain On Sale Of Security": NaN,
        "Net Non Operating Interest Income Expense": -308000.0,
        "Interest Expense Non Operating": 987000.0,
        "Interest Income Non Operating": 679000.0,
        "Operating Income": 20080000.0,
        "Operating Expense": 10741000.0,
        "Other Operating Expenses": NaN,
        "Selling General And Administration": 10741000.0,
        "General And Administrative Expense": 10741000.0,
        "Other Gand A": 10741000.0,
        "Gross Profit": 30821000.0,
        "Cost Of Revenue": 109835000.0,
        "Total Revenue": 140656000.0,
        "Operating Revenue": 118196000.0
    },
    "2022-03-31": {
        "Diluted EPS": 0.67,
        "Total Revenue": 132,
        "Gross Profit": 27,
        "Operating Income": 15,
        "EBIT": 19,
        "Net Income": 9
    },
    "2021-12-31": {
        "Diluted EPS": 0.72,
        "Total Revenue": 130,
        "Gross Profit": 27,
        "Operating Income": 16,
        "EBIT": 20,
        "Net Income": 10
    },
    "2021-09-30": {
        "Diluted EPS": 0.66,
        "Total Revenue": 126,
        "Gross Profit": 30,
        "Operating Income": 17,
        "EBIT": 20,
        "Net Income": 10
    },
    "2021-06-30": {
        "Diluted EPS": 0.82,
        "Total Revenue": 127,
        "Gross Profit": 34,
        "Operating Income": 22,
        "EBIT": 25,
        "Net Income": 12
    },
    "2021-03-31": {
        "Diluted EPS": 0.21,
        "Total Revenue": 112,
        "Gross Profit": 26,
        "Operating Income": 15,
        "EBIT": 18,
        "Net Income": 8
    },
    "2020-12-31": {
        "Diluted EPS": 0.68,
        "Total Revenue": 117,
        "Gross Profit": 29,
        "Operating Income": 18,
        "EBIT": 21,
        "Net Income": 13
    },
    "2020-09-30": {
        "Diluted EPS": 0.61,
        "Total Revenue": 109,
        "Gross Profit": 30,
        "Operating Income": 20,
        "EBIT": 23,
        "Net Income": 11
    },
    "2020-06-30": {
        "Diluted EPS": 0.99,
        "Total Revenue": 84,
        "Gross Profit": 19,
        "Operating Income": 10,
        "EBIT": 13,
        "Net Income": 10
    },
    "2020-03-31": {
        "Diluted EPS": 0.2,
        "Total Revenue": 113,
        "Gross Profit": 16,
        "Operating Income": 4,
        "EBIT": 7,
        "Net Income": 1
    },
    "2019-12-31": {
        "Diluted EPS": 0.55,
        "Total Revenue": 122,
        "Gross Profit": 27,
        "Operating Income": 15,
        "EBIT": 18,
        "Net Income": 8
    },
    "2019-09-30": {
        "Diluted EPS": 0.66,
        "Total Revenue": 117,
        "Gross Profit": 27,
        "Operating Income": 17,
        "EBIT": 19,
        "Net Income": 9
    },
    "2019-06-30": {
        "Diluted EPS": 0.85,
        "Total Revenue": 126,
        "Gross Profit": 31,
        "Operating Income": 20,
        "EBIT": 22,
        "Net Income": 15
    },
    "2019-03-31": {
        "Diluted EPS": 0.39,
        "Total Revenue": 116,
        "Gross Profit": 27,
        "Operating Income": 15,
        "EBIT": 18,
        "Net Income": 8
    },
    "2018-12-31": {
        "Diluted EPS": 0.43,
        "Total Revenue": 117,
        "Gross Profit": 25,
        "Operating Income": 15,
        "EBIT": 17,
        "Net Income": 10
    },
    "2018-09-30": {
        "Diluted EPS": 0.13,
        "Total Revenue": 113,
        "Gross Profit": 26,
        "Operating Income": 15,
        "EBIT": 18,
        "Net Income": 8
    },
    "2018-06-30": {
        "Diluted EPS": 0.48,
        "Total Revenue": 115,
        "Gross Profit": 27,
        "Operating Income": 17,
        "EBIT": 19,
        "Net Income": 9
    },
    "2018-03-31": {
        "Diluted EPS": 0.27,
        "Total Revenue": 108,
        "Gross Profit": 23,
        "Operating Income": 13,
        "EBIT": 16,
        "Net Income": 7
    },
    "2017-12-31": {
        "Diluted EPS": 0.58,
        "Total Revenue": 109,
        "Gross Profit": 24,
        "Operating Income": 14,
        "EBIT": 16,
        "Net Income": 7
    },
    "2017-09-30": {
        "Diluted EPS": 0.41,
        "Total Revenue": 103,
        "Gross Profit": 21,
        "Operating Income": 13,
        "EBIT": 15,
        "Net Income": 5
    },
    "2017-06-30": {
        "Diluted EPS": 0.39,
        "Total Revenue": 104,
        "Gross Profit": 25,
        "Operating Income": 16,
        "EBIT": 18,
        "Net Income": 5
    },
    "2017-03-31": {
        "Diluted EPS": 0.38,
        "Total Revenue": 98,
        "Gross Profit": 21,
        "Operating Income": 12,
        "EBIT": 15,
        "Net Income": 5
    },
    "2016-12-31": {
        "Diluted EPS": 0.42,
        "Total Revenue": 91,
        "Gross Profit": 19,
        "Operating Income": 11,
        "EBIT": 14,
        "Net Income": 5
    },
    "2016-09-30": {
        "Diluted EPS": 0.38,
        "Total Revenue": 88,
        "Gross Profit": 20,
        "Operating Income": 12,
        "EBIT": 14,
        "Net Income": 5
    },
    "2016-06-30": {
        "Diluted EPS": 0.48,
        "Total Revenue": 90,
        "Gross Profit": 23,
        "Operating Income": 15,
        "EBIT": 17,
        "Net Income": 6
    },
    "2016-03-31": {
        "Diluted EPS": 0.36,
        "Total Revenue": 87,
        "Gross Profit": 20,
        "Operating Income": 11,
        "EBIT": 14,
        "Net Income": 4
    },
    "2015-12-31": {
        "Diluted EPS": 0.37,
        "Total Revenue": 87,
        "Gross Profit": 22,
        "Operating Income": 13,
        "EBIT": 15,
        "Net Income": 5
    },
    "2015-09-30": {
        "Diluted EPS": 0.47,
        "Total Revenue": 84,
        "Gross Profit": 19,
        "Operating Income": 12,
        "EBIT": 14,
        "Net Income": 6
    },
    "2015-06-30": {
        "Diluted EPS": 0.48,
        "Total Revenue": 83,
        "Gross Profit": 21,
        "Operating Income": 14,
        "EBIT": 15,
        "Net Income": 6
    },
    "2015-03-31": {
        "Diluted EPS": 0.34,
        "Total Revenue": 77,
        "Gross Profit": 17,
        "Operating Income": 9,
        "EBIT": 11,
        "Net Income": 4
    },
    "2014-12-31": {
        "Diluted EPS": 0.35,
        "Total Revenue": 79,
        "Gross Profit": 19,
        "Operating Income": 11,
        "EBIT": 13,
        "Net Income": 3
    },
    "2014-09-30": {
        "Diluted EPS": 0.43,
        "Total Revenue": 78,
        "Gross Profit": 19,
        "Operating Income": 11,
        "EBIT": 13,
        "Net Income": 5
    },
    "2014-06-30": {
        "Diluted EPS": 0.52,
        "Total Revenue": 78,
        "Gross Profit": 22,
        "Operating Income": 14,
        "EBIT": 16,
        "Net Income": 6
    },
    "2014-03-31": {
        "Diluted EPS": 0.27,
        "Total Revenue": 70,
        "Gross Profit": 17,
        "Operating Income": 10,
        "EBIT": 11,
        "Net Income": 4
    },
    "2013-12-31": {
        "Diluted EPS": 0.31,
        "Total Revenue": 69,
        "Gross Profit": 16,
        "Operating Income": 9,
        "EBIT": 11,
        "Net Income": 4
    },
    "2013-09-30": {
        "Diluted EPS": 0.02,
        "Total Revenue": 66,
        "Gross Profit": 16,
        "Operating Income": 10,
        "EBIT": 11,
        "Net Income": 0
    },
    "2013-06-30": {
        "Diluted EPS": 0.41,
        "Total Revenue": 67,
        "Gross Profit": 18,
        "Operating Income": 11,
        "EBIT": 12,
        "Net Income": 5
    },
    "2013-03-31": {
        "Diluted EPS": 0.31,
        "Total Revenue": 63,
        "Gross Profit": 15,
        "Operating Income": 8,
        "EBIT": 10,
        "Net Income": 4
    },
    "2012-12-31": {
        "Diluted EPS": 0.34,
        "Total Revenue": 61,
        "Gross Profit": 14,
        "Operating Income": 8,
        "EBIT": 10,
        "Net Income": 4
    },
    "2012-09-30": {
        "Diluted EPS": 0.38,
        "Total Revenue": 62,
        "Gross Profit": 15,
        "Operating Income": 10,
        "EBIT": 11,
        "Net Income": 5
    },
    "2012-06-30": {
        "Diluted EPS": 0.41,
        "Total Revenue": 64,
        "Gross Profit": 17,
        "Operating Income": 11,
        "EBIT": 12,
        "Net Income": 5
    },
    "2012-03-31": {
        "Diluted EPS": 0.38,
        "Total Revenue": 63,
        "Gross Profit": 16,
        "Operating Income": 10,
        "EBIT": 11,
        "Net Income": 4
    },
    "2011-12-31": {
        "Diluted EPS": 0.69,
        "Total Revenue": 55,
        "Gross Profit": 10,
        "Operating Income": 3,
        "EBIT": 5,
        "Net Income": 8
    },
    "2011-09-30": {
        "Diluted EPS": 0.34,
        "Total Revenue": 60,
        "Gross Profit": 14,
        "Operating Income": 9,
        "EBIT": 10,
        "Net Income": 4
    },
    "2011-06-30": {
        "Diluted EPS": 0.41,
        "Total Revenue": 60,
        "Gross Profit": 17,
        "Operating Income": 11,
        "EBIT": 12,
        "Net Income": 5
    },
    "2011-03-31": {
        "Diluted EPS": 0.31,
        "Total Revenue": 57,
        "Gross Profit": 15,
        "Operating Income": 9,
        "EBIT": 10,
        "Net Income": 4
    },
    "2010-12-31": {
        "Diluted EPS": 0.34,
        "Total Revenue": 53,
        "Gross Profit": 14,
        "Operating Income": 8,
        "EBIT": 9,
        "Net Income": 4
    },
    "2010-09-30": {
        "Diluted EPS": 0.33,
        "Total Revenue": 53,
        "Gross Profit": 15,
        "Operating Income": 9,
        "EBIT": 10,
        "Net Income": 4
    },
    "2010-06-30": {
        "Diluted EPS": 0.38,
        "Total Revenue": 54,
        "Gross Profit": 16,
        "Operating Income": 10,
        "EBIT": 11,
        "Net Income": 4
    },
    "2010-03-31": {
        "Diluted EPS": 0.27,
        "Total Revenue": 50,
        "Gross Profit": 12,
        "Operating Income": 7,
        "EBIT": 8,
        "Net Income": 3
    },
    "2009-12-31": {
        "Diluted EPS": 0.2,
        "Total Revenue": 50,
        "Gross Profit": 13,
        "Operating Income": 6,
        "EBIT": 8,
        "Net Income": 2
    },
    "2009-09-30": {
        "Diluted EPS": 0.26,
        "Total Revenue": 51,
        "Gross Profit": 13,
        "Operating Income": 7,
        "EBIT": 9,
        "Net Income": 3
    },
    "2009-06-30": {
        "Diluted EPS": 0.31,
        "Total Revenue": 52,
        "Gross Profit": 14,
        "Operating Income": 8,
        "EBIT": 10,
        "Net Income": 4
    },
    "2009-03-31": {
        "Diluted EPS": 0.23,
        "Total Revenue": 48,
        "Gross Profit": 12,
        "Operating Income": 6,
        "EBIT": 8,
        "Net Income": 3
    },
    "2023-06-30": {
        "Tax Effect Of Unusual Items": NaN,
        "Tax Rate For Calcs": NaN,
        "Normalized EBITDA": NaN,
        "Total Unusual Items": NaN,
        "Total Unusual Items Excluding Goodwill": NaN,
        "Net Income From Continuing Operation Net Minority Interest": NaN,
        "Reconciled Depreciation": NaN,
        "Reconciled Cost Of Revenue": NaN,
        "EBITDA": NaN,
        "EBIT": NaN,
        "Net Interest Income": NaN,
        "Interest Expense": NaN,
        "Interest Income": NaN,
        "Normalized Income": NaN,
        "Net Income From Continuing And Discontinued Operation": NaN,
        "Total Expenses": NaN,
        "Rent Expense Supplemental": NaN,
        "Total Operating Income As Reported": NaN,
        "Diluted Average Shares": NaN,
        "Basic Average Shares": NaN,
        "Diluted EPS": NaN,
        "Basic EPS": NaN,
        "Diluted NI Availto Com Stockholders": NaN,
        "Net Income Common Stockholders": NaN,
        "Otherunder Preferred Stock Dividend": NaN,
        "Net Income": NaN,
        "Minority Interests": NaN,
        "Net Income Including Noncontrolling Interests": NaN,
        "Net Income Continuous Operations": NaN,
        "Tax Provision": NaN,
        "Pretax Income": NaN,
        "Other Income Expense": NaN,
        "Other Non Operating Income Expenses": NaN,
        "Special Income Charges": NaN,
        "Restructuring And Mergern Acquisition": NaN,
        "Earnings From Equity Interest": NaN,
        "Gain On Sale Of Security": NaN,
        "Net Non Operating Interest Income Expense": NaN,
        "Interest Expense Non Operating": NaN,
        "Interest Income Non Operating": NaN,
        "Operating Income": NaN,
        "Operating Expense": NaN,
        "Other Operating Expenses": NaN,
        "Selling General And Administration": 12145000.0,
        "General And Administrative Expense": 12145000.0,
        "Other Gand A": 12145000.0,
        "Gross Profit": NaN,
        "Cost Of Revenue": NaN,
        "Total Revenue": NaN,
        "Operating Revenue": NaN
    },
    "2023-09-30": {
        "Tax Effect Of Unusual Items": 11676.0,
        "Tax Rate For Calcs": 0.278,
        "Normalized EBITDA": 21805000.0,
        "Total Unusual Items": 42000.0,
        "Total Unusual Items Excluding Goodwill": 42000.0,
        "Net Income From Continuing Operation Net Minority Interest": 7012000.0,
        "Reconciled Depreciation": 3967000.0,
        "Reconciled Cost Of Revenue": 122078000.0,
        "EBITDA": 21847000.0,
        "EBIT": 17880000.0,
        "Net Interest Income": -428000.0,
        "Interest Expense": 2101000.0,
        "Interest Income": 1673000.0,
        "Normalized Income": 6981676.0,
        "Net Income From Continuing And Discontinued Operation": 7012000.0,
        "Total Expenses": 134126000.0,
        "Rent Expense Supplemental": 30678000.0,
        "Total Operating Income As Reported": 15881000.0,
        "Diluted Average Shares": 14987000.0,
        "Basic Average Shares": 14987000.0,
        "Diluted EPS": 0.51,
        "Basic EPS": 0.51,
        "Diluted NI Availto Com Stockholders": 7585000.0,
        "Net Income Common Stockholders": 7585000.0,
        "Otherunder Preferred Stock Dividend": -573000.0,
        "Net Income": 7012000.0,
        "Minority Interests": -5210000.0,
        "Net Income Including Noncontrolling Interests": 12222000.0,
        "Net Income Continuous Operations": 12222000.0,
        "Tax Provision": 3557000.0,
        "Pretax Income": 15779000.0,
        "Other Income Expense": 326000.0,
        "Other Non Operating Income Expenses": 78000.0,
        "Special Income Charges": 187000.0,
        "Restructuring And Mergern Acquisition": -187000.0,
        "Earnings From Equity Interest": 206000.0,
        "Gain On Sale Of Security": -145000.0,
        "Net Non Operating Interest Income Expense": -428000.0,
        "Interest Expense Non Operating": 2101000.0,
        "Interest Income Non Operating": 1673000.0,
        "Operating Income": 15881000.0,
        "Operating Expense": 12048000.0,
        "Other Operating Expenses": 12048000.0,
        "Selling General And Administration": NaN,
        "General And Administrative Expense": NaN,
        "Other Gand A": NaN,
        "Gross Profit": 27929000.0,
        "Cost Of Revenue": 122078000.0,
        "Total Revenue": 150007000.0,
        "Operating Revenue": 127243000.0
    },
    "2023-12-31": {
        "Tax Effect Of Unusual Items": -3426360.0,
        "Tax Rate For Calcs": 0.21,
        "Normalized EBITDA": 22545000.0,
        "Total Unusual Items": -16316000.0,
        "Total Unusual Items Excluding Goodwill": -16316000.0,
        "Net Income From Continuing Operation Net Minority Interest": -7921000.0,
        "Reconciled Depreciation": 4113000.0,
        "Reconciled Cost Of Revenue": 124285000.0,
        "EBITDA": 6229000.0,
        "EBIT": 2116000.0,
        "Net Interest Income": -427000.0,
        "Interest Expense": 2010000.0,
        "Interest Income": 1583000.0,
        "Normalized Income": 4968640.0,
        "Net Income From Continuing And Discontinued Operation": -7921000.0,
        "Total Expenses": 138186000.0,
        "Rent Expense Supplemental": 32080000.0,
        "Total Operating Income As Reported": -880000.0,
        "Diluted Average Shares": 14987000.0,
        "Basic Average Shares": 14987000.0,
        "Diluted EPS": 0.38,
        "Basic EPS": 0.38,
        "Diluted NI Availto Com Stockholders": -5729000.0,
        "Net Income Common Stockholders": -5729000.0,
        "Otherunder Preferred Stock Dividend": -2192000.0,
        "Net Income": -7921000.0,
        "Minority Interests": -6628000.0,
        "Net Income Including Noncontrolling Interests": -1293000.0,
        "Net Income Continuous Operations": -1293000.0,
        "Tax Provision": 1399000.0,
        "Pretax Income": 106000.0,
        "Other Income Expense": -16082000.0,
        "Other Non Operating Income Expenses": 85000.0,
        "Special Income Charges": -19242000.0,
        "Restructuring And Mergern Acquisition": 1747000.0,
        "Earnings From Equity Interest": 149000.0,
        "Gain On Sale Of Security": 2926000.0,
        "Net Non Operating Interest Income Expense": -427000.0,
        "Interest Expense Non Operating": 2010000.0,
        "Interest Income Non Operating": 1583000.0,
        "Operating Income": 16615000.0,
        "Operating Expense": 13901000.0,
        "Other Operating Expenses": 13901000.0,
        "Selling General And Administration": NaN,
        "General And Administrative Expense": NaN,
        "Other Gand A": NaN,
        "Gross Profit": 30516000.0,
        "Cost Of Revenue": 124285000.0,
        "Total Revenue": 154801000.0,
        "Operating Revenue": 131452000.0
    },
    "2024-03-31": {
        "Tax Effect Of Unusual Items": 149492.0,
        "Tax Rate For Calcs": 0.281,
        "Normalized EBITDA": 20287000.0,
        "Total Unusual Items": 532000.0,
        "Total Unusual Items Excluding Goodwill": 532000.0,
        "Net Income From Continuing Operation Net Minority Interest": 6607000.0,
        "Reconciled Depreciation": 4095000.0,
        "Reconciled Cost Of Revenue": 127274000.0,
        "EBITDA": 20819000.0,
        "EBIT": 16724000.0,
        "Net Interest Income": -425000.0,
        "Interest Expense": 1968000.0,
        "Interest Income": 1543000.0,
        "Normalized Income": 6224492.0,
        "Net Income From Continuing And Discontinued Operation": 6607000.0,
        "Total Expenses": 141359000.0,
        "Rent Expense Supplemental": 31916000.0,
        "Total Operating Income As Reported": 14316000.0,
        "Diluted Average Shares": 15017000.0,
        "Basic Average Shares": 15017000.0,
        "Diluted EPS": 0.46,
        "Basic EPS": 0.46,
        "Diluted NI Availto Com Stockholders": 6975000.0,
        "Net Income Common Stockholders": 6975000.0,
        "Otherunder Preferred Stock Dividend": -368000.0,
        "Net Income": 6607000.0,
        "Minority Interests": -5010000.0,
        "Net Income Including Noncontrolling Interests": 11617000.0,
        "Net Income Continuous Operations": 11617000.0,
        "Tax Provision": 3139000.0,
        "Pretax Income": 14756000.0,
        "Other Income Expense": 865000.0,
        "Other Non Operating Income Expenses": 62000.0,
        "Special Income Charges": 612000.0,
        "Restructuring And Mergern Acquisition": -612000.0,
        "Earnings From Equity Interest": 271000.0,
        "Gain On Sale Of Security": -80000.0,
        "Net Non Operating Interest Income Expense": -425000.0,
        "Interest Expense Non Operating": 1968000.0,
        "Interest Income Non Operating": 1543000.0,
        "Operating Income": 14316000.0,
        "Operating Expense": 14085000.0,
        "Other Operating Expenses": 14085000.0,
        "Selling General And Administration": NaN,
        "General And Administrative Expense": NaN,
        "Other Gand A": NaN,
        "Gross Profit": 28401000.0,
        "Cost Of Revenue": 127274000.0,
        "Total Revenue": 155675000.0,
        "Operating Revenue": 131075000.0
    },
    "2024-06-30": {
        "Tax Effect Of Unusual Items": -1242279.0,
        "Tax Rate For Calcs": 0.291,
        "Normalized EBITDA": 25558000.0,
        "Total Unusual Items": -4269000.0,
        "Total Unusual Items Excluding Goodwill": -4269000.0,
        "Net Income From Continuing Operation Net Minority Interest": 6884000.0,
        "Reconciled Depreciation": 4514000.0,
        "Reconciled Cost Of Revenue": 133328000.0,
        "EBITDA": 21289000.0,
        "EBIT": 16775000.0,
        "Net Interest Income": -906000.0,
        "Interest Expense": 1980000.0,
        "Interest Income": 1074000.0,
        "Normalized Income": 9910721.0,
        "Net Income From Continuing And Discontinued Operation": 6884000.0,
        "Total Expenses": 147577000.0,
        "Rent Expense Supplemental": 35277000.0,
        "Total Operating Income As Reported": 19613000.0,
        "Diluted Average Shares": 15072000.0,
        "Basic Average Shares": 15072000.0,
        "Diluted EPS": 0.47,
        "Basic EPS": 0.47,
        "Diluted NI Availto Com Stockholders": 7043000.0,
        "Net Income Common Stockholders": 7043000.0,
        "Otherunder Preferred Stock Dividend": -159000.0,
        "Net Income": 6884000.0,
        "Minority Interests": -4828000.0,
        "Net Income Including Noncontrolling Interests": 11712000.0,
        "Net Income Continuous Operations": 11712000.0,
        "Tax Provision": 3083000.0,
        "Pretax Income": 14795000.0,
        "Other Income Expense": -3912000.0,
        "Other Non Operating Income Expenses": 109000.0,
        "Special Income Charges": -4046000.0,
        "Restructuring And Mergern Acquisition": 4046000.0,
        "Earnings From Equity Interest": 248000.0,
        "Gain On Sale Of Security": -223000.0,
        "Net Non Operating Interest Income Expense": -906000.0,
        "Interest Expense Non Operating": 1980000.0,
        "Interest Income Non Operating": 1074000.0,
        "Operating Income": 19613000.0,
        "Operating Expense": 14249000.0,
        "Other Operating Expenses": 14249000.0,
        "Selling General And Administration": NaN,
        "General And Administrative Expense": NaN,
        "Other Gand A": NaN,
        "Gross Profit": 33862000.0,
        "Cost Of Revenue": 133328000.0,
        "Total Revenue": 167190000.0,
        "Operating Revenue": 140271000.0
    },
    "2024-09-30": {
        "Tax Effect Of Unusual Items": -482949.0,
        "Tax Rate For Calcs": 0.279,
        "Normalized EBITDA": 20472000.0,
        "Total Unusual Items": -1731000.0,
        "Total Unusual Items Excluding Goodwill": -1731000.0,
        "Net Income From Continuing Operation Net Minority Interest": 5531000.0,
        "Reconciled Depreciation": 4387000.0,
        "Reconciled Cost Of Revenue": 138902000.0,
        "EBITDA": 18741000.0,
        "EBIT": 14354000.0,
        "Net Interest Income": -1000000.0,
        "Interest Expense": 2018000.0,
        "Interest Income": 1018000.0,
        "Normalized Income": 6779051.0,
        "Net Income From Continuing And Discontinued Operation": 5531000.0,
        "Total Expenses": 153287000.0,
        "Rent Expense Supplemental": 33914000.0,
        "Total Operating Income As Reported": 14746000.0,
        "Diluted Average Shares": 15077000.0,
        "Basic Average Shares": 15077000.0,
        "Diluted EPS": 0.39,
        "Basic EPS": 0.39,
        "Diluted NI Availto Com Stockholders": 5811000.0,
        "Net Income Common Stockholders": 5811000.0,
        "Otherunder Preferred Stock Dividend": -280000.0,
        "Net Income": 5531000.0,
        "Minority Interests": -4246000.0,
        "Net Income Including Noncontrolling Interests": 9777000.0,
        "Net Income Continuous Operations": 9777000.0,
        "Tax Provision": 2559000.0,
        "Pretax Income": 12336000.0,
        "Other Income Expense": -1410000.0,
        "Other Non Operating Income Expenses": 90000.0,
        "Special Income Charges": -1899000.0,
        "Restructuring And Mergern Acquisition": 1899000.0,
        "Earnings From Equity Interest": 231000.0,
        "Gain On Sale Of Security": 168000.0,
        "Net Non Operating Interest Income Expense": -1000000.0,
        "Interest Expense Non Operating": 2018000.0,
        "Interest Income Non Operating": 1018000.0,
        "Operating Income": 14746000.0,
        "Operating Expense": 14385000.0,
        "Other Operating Expenses": 14385000.0,
        "Selling General And Administration": NaN,
        "General And Administrative Expense": NaN,
        "Other Gand A": NaN,
        "Gross Profit": 29131000.0,
        "Cost Of Revenue": 138902000.0,
        "Total Revenue": 168033000.0,
        "Operating Revenue": 139146000.0
    }
}