{
    "2023-03-31": {
        "Tax Effect Of Unusual Items": 0.0,
        "Tax Rate For Calcs": 0.17,
        "Normalized EBITDA": 319000000.0,
        "Total Unusual Items": 0.0,
        "Total Unusual Items Excluding Goodwill": 0.0,
        "Net Income From Continuing Operation Net Minority Interest": 240900000.0,
        "Reconciled Depreciation": 13300000.0,
        "Reconciled Cost Of Revenue": 52300000.0,
        "EBITDA": 319000000.0,
        "EBIT": 305700000.0,
        "Net Interest Income": 15400000.0,
        "Interest Expense": 13800000.0,
        "Interest Income": 29200000.0,
        "Normalized Income": 240900000.0,
        "Net Income From Continuing And Discontinued Operation": 240900000.0,
        "Total Expenses": 222500000.0,
        "Total Operating Income As Reported": 284400000.0,
        "Diluted Average Shares": 49600000.0,
        "Basic Average Shares": 46300000.0,
        "Diluted EPS": 4.86,
        "Basic EPS": 5.2,
        "Diluted NI Availto Com Stockholders": 240900000.0,
        "Net Income Common Stockholders": 240900000.0,
        "Net Income": 240900000.0,
        "Net Income Including Noncontrolling Interests": 240900000.0,
        "Net Income Continuous Operations": 240900000.0,
        "Tax Provision": 51000000.0,
        "Pretax Income": 291900000.0,
        "Other Income Expense": -7900000.0,
        "Other Non Operating Income Expenses": -7900000.0,
        "Special Income Charges": 0.0,
        "Write Off": 0.0,
        "Net Non Operating Interest Income Expense": 15400000.0,
        "Interest Expense Non Operating": 13800000.0,
        "Interest Income Non Operating": 29200000.0,
        "Operating Income": 284400000.0,
        "Operating Expense": 170200000.0,
        "Research And Development": 82900000.0,
        "Selling General And Administration": 87300000.0,
        "Selling And Marketing Expense": 16900000.0,
        "General And Administrative Expense": 70400000.0,
        "Other Gand A": 83700000.0,
        "Salaries And Wages": -13300000.0,
        "Gross Profit": 454600000.0,
        "Cost Of Revenue": 52300000.0,
        "Total Revenue": 506900000.0,
        "Operating Revenue": 506900000.0
    },
    "2022-12-31": {
        "Tax Effect Of Unusual Items": 0.0,
        "Tax Rate For Calcs": 0.261186,
        "Normalized EBITDA": 204300000.0,
        "Total Unusual Items": 0.0,
        "Total Unusual Items Excluding Goodwill": 0.0,
        "Net Income From Continuing Operation Net Minority Interest": 132100000.0,
        "Reconciled Depreciation": 13200000.0,
        "Reconciled Cost Of Revenue": 58800000.0,
        "EBITDA": 204300000.0,
        "EBIT": 191100000.0,
        "Net Interest Income": 8500000.0,
        "Interest Expense": 12300000.0,
        "Interest Income": 20800000.0,
        "Normalized Income": 132100000.0,
        "Net Income From Continuing And Discontinued Operation": 132100000.0,
        "Total Expenses": 315900000.0,
        "Total Operating Income As Reported": 175600000.0,
        "Diluted Average Shares": 49400000.0,
        "Basic Average Shares": 45800000.0,
        "Diluted EPS": 2.67,
        "Basic EPS": 2.88,
        "Diluted NI Availto Com Stockholders": 132100000.0,
        "Net Income Common Stockholders": 132100000.0,
        "Net Income": 132100000.0,
        "Net Income Including Noncontrolling Interests": 132100000.0,
        "Net Income Continuous Operations": 132100000.0,
        "Tax Provision": 46700000.0,
        "Pretax Income": 178800000.0,
        "Other Income Expense": -5300000.0,
        "Other Non Operating Income Expenses": -5300000.0,
        "Special Income Charges": 0.0,
        "Write Off": 0.0,
        "Net Non Operating Interest Income Expense": 8500000.0,
        "Interest Expense Non Operating": 12300000.0,
        "Interest Income Non Operating": 20800000.0,
        "Operating Income": 175600000.0,
        "Operating Expense": 257100000.0,
        "Research And Development": 93900000.0,
        "Selling General And Administration": 163200000.0,
        "Selling And Marketing Expense": 23000000.0,
        "General And Administrative Expense": 140200000.0,
        "Other Gand A": 89300000.0,
        "Salaries And Wages": 50900000.0,
        "Gross Profit": 432700000.0,
        "Cost Of Revenue": 58800000.0,
        "Total Revenue": 491500000.0,
        "Operating Revenue": 491500000.0
    },
    "2022-09-30": {
        "Tax Effect Of Unusual Items": 0.0,
        "Tax Rate For Calcs": 0.23424,
        "Normalized EBITDA": 334600000.0,
        "Total Unusual Items": 0.0,
        "Total Unusual Items Excluding Goodwill": 0.0,
        "Net Income From Continuing Operation Net Minority Interest": 239300000.0,
        "Reconciled Depreciation": 12900000.0,
        "Reconciled Cost Of Revenue": 37200000.0,
        "EBITDA": 334600000.0,
        "EBIT": 321700000.0,
        "Net Interest Income": 4100000.0,
        "Interest Expense": 9200000.0,
        "Interest Income": 13300000.0,
        "Normalized Income": 239300000.0,
        "Net Income From Continuing And Discontinued Operation": 239300000.0,
        "Total Expenses": 201700000.0,
        "Total Operating Income As Reported": 314300000.0,
        "Diluted Average Shares": 48700000.0,
        "Basic Average Shares": 45500000.0,
        "Diluted EPS": 4.91,
        "Basic EPS": 5.26,
        "Diluted NI Availto Com Stockholders": 239300000.0,
        "Net Income Common Stockholders": 239300000.0,
        "Net Income": 239300000.0,
        "Net Income Including Noncontrolling Interests": 239300000.0,
        "Net Income Continuous Operations": 239300000.0,
        "Tax Provision": 73200000.0,
        "Pretax Income": 312500000.0,
        "Other Income Expense": -5900000.0,
        "Other Non Operating Income Expenses": -5900000.0,
        "Special Income Charges": 0.0,
        "Write Off": 0.0,
        "Net Non Operating Interest Income Expense": 4100000.0,
        "Interest Expense Non Operating": 9200000.0,
        "Interest Income Non Operating": 13300000.0,
        "Operating Income": 314300000.0,
        "Operating Expense": 164500000.0,
        "Research And Development": 66100000.0,
        "Selling General And Administration": 98400000.0,
        "Selling And Marketing Expense": 17200000.0,
        "General And Administrative Expense": 81200000.0,
        "Other Gand A": 85700000.0,
        "Salaries And Wages": -4500000.0,
        "Gross Profit": 478800000.0,
        "Cost Of Revenue": 37200000.0,
        "Total Revenue": 516000000.0,
        "Operating Revenue": 516000000.0
    },
    "2022-06-30": {
        "Tax Effect Of Unusual Items": 0.0,
        "Tax Rate For Calcs": 0.229748,
        "Normalized EBITDA": 169500000.0,
        "Total Unusual Items": 0.0,
        "Total Unusual Items Excluding Goodwill": 0.0,
        "Net Income From Continuing Operation Net Minority Interest": 116000000.0,
        "Reconciled Depreciation": 12700000.0,
        "Reconciled Cost Of Revenue": 29700000.0,
        "EBITDA": 169500000.0,
        "EBIT": 156800000.0,
        "Net Interest Income": 600000.0,
        "Interest Expense": 6200000.0,
        "Interest Income": 6800000.0,
        "Normalized Income": 116000000.0,
        "Net Income From Continuing And Discontinued Operation": 116000000.0,
        "Total Expenses": 265100000.0,
        "Total Operating Income As Reported": 201800000.0,
        "Diluted Average Shares": 48100000.0,
        "Basic Average Shares": 45400000.0,
        "Diluted EPS": 2.41,
        "Basic EPS": 2.56,
        "Diluted NI Availto Com Stockholders": 116000000.0,
        "Net Income Common Stockholders": 116000000.0,
        "Net Income": 116000000.0,
        "Net Income Including Noncontrolling Interests": 116000000.0,
        "Net Income Continuous Operations": 116000000.0,
        "Tax Provision": 34600000.0,
        "Pretax Income": 150600000.0,
        "Other Income Expense": -51800000.0,
        "Other Non Operating Income Expenses": -51800000.0,
        "Special Income Charges": 0.0,
        "Write Off": 0.0,
        "Net Non Operating Interest Income Expense": 600000.0,
        "Interest Expense Non Operating": 6200000.0,
        "Interest Income Non Operating": 6800000.0,
        "Operating Income": 201800000.0,
        "Operating Expense": 235400000.0,
        "Research And Development": 93900000.0,
        "Selling General And Administration": 141500000.0,
        "Selling And Marketing Expense": 16100000.0,
        "General And Administrative Expense": 125400000.0,
        "Other Gand A": 76900000.0,
        "Salaries And Wages": 48500000.0,
        "Gross Profit": 437200000.0,
        "Cost Of Revenue": 29700000.0,
        "Total Revenue": 466900000.0,
        "Operating Revenue": 466900000.0
    },
    "2023-06-30": {
        "Tax Effect Of Unusual Items": 0.0,
        "Tax Rate For Calcs": 0.22673,
        "Normalized EBITDA": 362900000.0,
        "Total Unusual Items": 0.0,
        "Total Unusual Items Excluding Goodwill": 0.0,
        "Net Income From Continuing Operation Net Minority Interest": 259200000.0,
        "Reconciled Depreciation": 12900000.0,
        "Reconciled Cost Of Revenue": 64100000.0,
        "EBITDA": 362900000.0,
        "EBIT": 350000000.0,
        "Net Interest Income": 22400000.0,
        "Interest Expense": 14800000.0,
        "Interest Income": 37200000.0,
        "Normalized Income": 259200000.0,
        "Net Income From Continuing And Discontinued Operation": 259200000.0,
        "Total Expenses": 283100000.0,
        "Total Operating Income As Reported": 313400000.0,
        "Diluted Average Shares": 49500000.0,
        "Basic Average Shares": 46900000.0,
        "Diluted EPS": 5.24,
        "Basic EPS": 5.53,
        "Diluted NI Availto Com Stockholders": 259200000.0,
        "Net Income Common Stockholders": 259200000.0,
        "Net Income": 259200000.0,
        "Net Income Including Noncontrolling Interests": 259200000.0,
        "Net Income Continuous Operations": 259200000.0,
        "Tax Provision": 76000000.0,
        "Pretax Income": 335200000.0,
        "Other Income Expense": -600000.0,
        "Other Non Operating Income Expenses": -600000.0,
        "Special Income Charges": 0.0,
        "Write Off": 0.0,
        "Net Non Operating Interest Income Expense": 22400000.0,
        "Interest Expense Non Operating": 14800000.0,
        "Interest Income Non Operating": 37200000.0,
        "Operating Income": 313400000.0,
        "Operating Expense": 219000000.0,
        "Research And Development": 89000000.0,
        "Selling General And Administration": 130000000.0,
        "Selling And Marketing Expense": 20100000.0,
        "General And Administrative Expense": 109900000.0,
        "Other Gand A": 102000000.0,
        "Salaries And Wages": 7900000.0,
        "Gross Profit": 532400000.0,
        "Cost Of Revenue": 64100000.0,
        "Total Revenue": 596500000.0,
        "Operating Revenue": 596500000.0
    },
    "2022-03-31": {
        "Diluted EPS": 5.03,
        "Total Revenue": 462,
        "Gross Profit": 436,
        "Operating Income": 288,
        "EBIT": 301,
        "Net Income": 240
    },
    "2021-12-31": {
        "Diluted EPS": 2.38,
        "Total Revenue": 415,
        "Gross Profit": 381,
        "Operating Income": 170,
        "EBIT": 182,
        "Net Income": 112
    },
    "2021-09-30": {
        "Diluted EPS": 3.42,
        "Total Revenue": 445,
        "Gross Profit": 417,
        "Operating Income": 229,
        "EBIT": 241,
        "Net Income": 163
    },
    "2021-06-30": {
        "Diluted EPS": 3.65,
        "Total Revenue": 447,
        "Gross Profit": 409,
        "Operating Income": 222,
        "EBIT": 235,
        "Net Income": 173
    },
    "2021-03-31": {
        "Diluted EPS": 0.61,
        "Total Revenue": 379,
        "Gross Profit": 356,
        "Operating Income": -65,
        "EBIT": -52,
        "Net Income": 28
    },
    "2020-12-31": {
        "Diluted EPS": 2.17,
        "Total Revenue": 385,
        "Gross Profit": 350,
        "Operating Income": 65,
        "EBIT": 78,
        "Net Income": 99
    },
    "2020-09-30": {
        "Diluted EPS": 3.84,
        "Total Revenue": 380,
        "Gross Profit": 356,
        "Operating Income": 221,
        "EBIT": 233,
        "Net Income": 171
    },
    "2020-06-30": {
        "Diluted EPS": 2.41,
        "Total Revenue": 362,
        "Gross Profit": 336,
        "Operating Income": 141,
        "EBIT": 153,
        "Net Income": 107
    },
    "2020-03-31": {
        "Diluted EPS": 3.12,
        "Total Revenue": 356,
        "Gross Profit": 333,
        "Operating Income": 167,
        "EBIT": 179,
        "Net Income": 138
    },
    "2019-12-31": {
        "Diluted EPS": 1.26,
        "Total Revenue": 311,
        "Gross Profit": 282,
        "Operating Income": 64,
        "EBIT": 76,
        "Net Income": 53
    },
    "2019-09-30": {
        "Diluted EPS": 3.01,
        "Total Revenue": 402,
        "Gross Profit": 369,
        "Operating Income": 183,
        "EBIT": 196,
        "Net Income": 132
    },
    "2019-06-30": {
        "Diluted EPS": 4.66,
        "Total Revenue": 374,
        "Gross Profit": 347,
        "Operating Income": 221,
        "EBIT": 232,
        "Net Income": 205
    },
    "2019-03-31": {
        "Diluted EPS": -11.32,
        "Total Revenue": 363,
        "Gross Profit": 334,
        "Operating Income": -656,
        "EBIT": -646,
        "Net Income": -495
    },
    "2018-12-31": {
        "Diluted EPS": 1.42,
        "Total Revenue": 381,
        "Gross Profit": 350,
        "Operating Income": 132,
        "EBIT": 142,
        "Net Income": 65
    },
    "2018-09-30": {
        "Diluted EPS": 2.42,
        "Total Revenue": 413,
        "Gross Profit": 361,
        "Operating Income": 150,
        "EBIT": 159,
        "Net Income": 107
    },
    "2018-06-30": {
        "Diluted EPS": 3.98,
        "Total Revenue": 445,
        "Gross Profit": 383,
        "Operating Income": 217,
        "EBIT": 226,
        "Net Income": 173
    },
    "2018-03-31": {
        "Diluted EPS": 5.57,
        "Total Revenue": 389,
        "Gross Profit": 336,
        "Operating Income": 307,
        "EBIT": 315,
        "Net Income": 245
    },
    "2017-12-31": {
        "Diluted EPS": 0.4,
        "Total Revenue": 465,
        "Gross Profit": 412,
        "Operating Income": 139,
        "EBIT": 147,
        "Net Income": 19
    },
    "2017-09-30": {
        "Diluted EPS": 6.27,
        "Total Revenue": 446,
        "Gross Profit": 426,
        "Operating Income": 324,
        "EBIT": 332,
        "Net Income": 276
    },
    "2017-06-30": {
        "Diluted EPS": -1.25,
        "Total Revenue": 445,
        "Gross Profit": 426,
        "Operating Income": 89,
        "EBIT": 96,
        "Net Income": -56
    },
    "2017-03-31": {
        "Diluted EPS": 3.89,
        "Total Revenue": 371,
        "Gross Profit": 356,
        "Operating Income": 264,
        "EBIT": 272,
        "Net Income": 179
    },
    "2016-12-31": {
        "Diluted EPS": 2.52,
        "Total Revenue": 409,
        "Gross Profit": 381,
        "Operating Income": 174,
        "EBIT": 182,
        "Net Income": 110
    },
    "2016-09-30": {
        "Diluted EPS": 3.5,
        "Total Revenue": 408,
        "Gross Profit": 385,
        "Operating Income": 239,
        "EBIT": 247,
        "Net Income": 162
    },
    "2016-06-30": {
        "Diluted EPS": 4.39,
        "Total Revenue": 413,
        "Gross Profit": 393,
        "Operating Income": 285,
        "EBIT": 293,
        "Net Income": 206
    },
    "2016-03-31": {
        "Diluted EPS": 4.84,
        "Total Revenue": 369,
        "Gross Profit": 368,
        "Operating Income": 364,
        "EBIT": 371,
        "Net Income": 236
    },
    "2015-12-31": {
        "Diluted EPS": 1.93,
        "Total Revenue": 405,
        "Gross Profit": 380,
        "Operating Income": 155,
        "EBIT": 163,
        "Net Income": 105
    },
    "2015-09-30": {
        "Diluted EPS": 9.24,
        "Total Revenue": 386,
        "Gross Profit": 379,
        "Operating Income": 387,
        "EBIT": 389,
        "Net Income": 464
    },
    "2015-06-30": {
        "Diluted EPS": 1.91,
        "Total Revenue": 347,
        "Gross Profit": 331,
        "Operating Income": 172,
        "EBIT": 184,
        "Net Income": 99
    },
    "2015-03-31": {
        "Diluted EPS": -0.36,
        "Total Revenue": 328,
        "Gross Profit": 307,
        "Operating Income": -15,
        "EBIT": -4,
        "Net Income": -17
    },
    "2014-12-31": {
        "Diluted EPS": 2.28,
        "Total Revenue": 346,
        "Gross Profit": 331,
        "Operating Income": 179,
        "EBIT": 173,
        "Net Income": 116
    },
    "2014-09-30": {
        "Diluted EPS": -0.53,
        "Total Revenue": 330,
        "Gross Profit": 289,
        "Operating Income": -32,
        "EBIT": -19,
        "Net Income": -25
    },
    "2014-06-30": {
        "Diluted EPS": 2.1,
        "Total Revenue": 323,
        "Gross Profit": 284,
        "Operating Income": 176,
        "EBIT": 189,
        "Net Income": 112
    },
    "2014-03-31": {
        "Diluted EPS": 2.43,
        "Total Revenue": 289,
        "Gross Profit": 259,
        "Operating Income": 216,
        "EBIT": 229,
        "Net Income": 138
    },
    "2013-12-31": {
        "Diluted EPS": -0.6,
        "Total Revenue": 289,
        "Gross Profit": 250,
        "Operating Income": -28,
        "EBIT": -16,
        "Net Income": -30
    },
    "2013-09-30": {
        "Diluted EPS": 1.17,
        "Total Revenue": 302,
        "Gross Profit": 272,
        "Operating Income": 105,
        "EBIT": 117,
        "Net Income": 63
    },
    "2013-06-30": {
        "Diluted EPS": 1.52,
        "Total Revenue": 281,
        "Gross Profit": 248,
        "Operating Income": 122,
        "EBIT": 134,
        "Net Income": 80
    },
    "2013-03-31": {
        "Diluted EPS": 1.19,
        "Total Revenue": 245,
        "Gross Profit": 216,
        "Operating Income": 94,
        "EBIT": 106,
        "Net Income": 62
    },
    "2012-12-31": {
        "Diluted EPS": 1.62,
        "Total Revenue": 244,
        "Gross Profit": 206,
        "Operating Income": 129,
        "EBIT": 139,
        "Net Income": 83
    },
    "2012-09-30": {
        "Diluted EPS": 1.46,
        "Total Revenue": 242,
        "Gross Profit": 215,
        "Operating Income": 81,
        "EBIT": 92,
        "Net Income": 78
    },
    "2012-06-30": {
        "Diluted EPS": 1.34,
        "Total Revenue": 226,
        "Gross Profit": 196,
        "Operating Income": 106,
        "EBIT": 116,
        "Net Income": 72
    },
    "2012-03-31": {
        "Diluted EPS": 1.29,
        "Total Revenue": 204,
        "Gross Profit": 180,
        "Operating Income": 107,
        "EBIT": 117,
        "Net Income": 71
    },
    "2011-12-31": {
        "Diluted EPS": 0.85,
        "Total Revenue": 195,
        "Gross Profit": 170,
        "Operating Income": 64,
        "EBIT": 75,
        "Net Income": 43
    },
    "2011-09-30": {
        "Diluted EPS": 1.38,
        "Total Revenue": 202,
        "Gross Profit": 179,
        "Operating Income": 103,
        "EBIT": 114,
        "Net Income": 84
    },
    "2011-06-30": {
        "Diluted EPS": 1.18,
        "Total Revenue": 184,
        "Gross Profit": 163,
        "Operating Income": 114,
        "EBIT": 125,
        "Net Income": 74
    },
    "2011-03-31": {
        "Diluted EPS": 0.26,
        "Total Revenue": 163,
        "Gross Profit": 143,
        "Operating Income": 37,
        "EBIT": 48,
        "Net Income": 16
    },
    "2010-12-31": {
        "Diluted EPS": 0.18,
        "Total Revenue": 161,
        "Gross Profit": 143,
        "Operating Income": 15,
        "EBIT": 25,
        "Net Income": 10
    },
    "2010-09-30": {
        "Diluted EPS": 0.66,
        "Total Revenue": 169,
        "Gross Profit": 148,
        "Operating Income": 62,
        "EBIT": 72,
        "Net Income": 40
    },
    "2010-06-30": {
        "Diluted EPS": 0.62,
        "Total Revenue": 135,
        "Gross Profit": 119,
        "Operating Income": 61,
        "EBIT": 70,
        "Net Income": 38
    },
    "2010-03-31": {
        "Diluted EPS": 0.32,
        "Total Revenue": 129,
        "Gross Profit": 114,
        "Operating Income": 32,
        "EBIT": 41,
        "Net Income": 19
    },
    "2009-12-31": {
        "Diluted EPS": -0.06,
        "Total Revenue": 98,
        "Gross Profit": 89,
        "Operating Income": -2,
        "EBIT": 7,
        "Net Income": -3
    },
    "2009-09-30": {
        "Diluted EPS": 0.21,
        "Total Revenue": 97,
        "Gross Profit": 84,
        "Operating Income": 12,
        "EBIT": 19,
        "Net Income": 12
    },
    "2009-06-30": {
        "Diluted EPS": -0.04,
        "Total Revenue": 84,
        "Gross Profit": 74,
        "Operating Income": -4,
        "EBIT": 2,
        "Net Income": -2
    },
    "2009-03-31": {
        "Diluted EPS": 0.24,
        "Total Revenue": 80,
        "Gross Profit": 71,
        "Operating Income": 21,
        "EBIT": 27,
        "Net Income": 13
    },
    "2023-09-30": {
        "Tax Effect Of Unusual Items": 0.0,
        "Tax Rate For Calcs": 0.239341,
        "Normalized EBITDA": 380700000.0,
        "Total Unusual Items": 0.0,
        "Total Unusual Items Excluding Goodwill": 0.0,
        "Net Income From Continuing Operation Net Minority Interest": 267600000.0,
        "Reconciled Depreciation": 13300000.0,
        "Reconciled Cost Of Revenue": 70100000.0,
        "EBITDA": 380700000.0,
        "EBIT": 367400000.0,
        "Net Interest Income": 29700000.0,
        "Interest Expense": 15600000.0,
        "Interest Income": 45300000.0,
        "Normalized Income": 267600000.0,
        "Net Income From Continuing And Discontinued Operation": 267600000.0,
        "Total Expenses": 282400000.0,
        "Total Operating Income As Reported": 327000000.0,
        "Diluted Average Shares": 49700000.0,
        "Basic Average Shares": 46900000.0,
        "Diluted EPS": 5.38,
        "Basic EPS": 5.71,
        "Diluted NI Availto Com Stockholders": 267600000.0,
        "Net Income Common Stockholders": 267600000.0,
        "Net Income": 267600000.0,
        "Net Income Including Noncontrolling Interests": 267600000.0,
        "Net Income Continuous Operations": 267600000.0,
        "Tax Provision": 84200000.0,
        "Pretax Income": 351800000.0,
        "Other Income Expense": -4900000.0,
        "Other Non Operating Income Expenses": -4900000.0,
        "Special Income Charges": 0.0,
        "Write Off": 0.0,
        "Net Non Operating Interest Income Expense": 29700000.0,
        "Interest Expense Non Operating": 15600000.0,
        "Interest Income Non Operating": 45300000.0,
        "Operating Income": 327000000.0,
        "Operating Expense": 212300000.0,
        "Research And Development": 84700000.0,
        "Selling General And Administration": 127600000.0,
        "Selling And Marketing Expense": 20700000.0,
        "General And Administrative Expense": 106900000.0,
        "Other Gand A": 90400000.0,
        "Salaries And Wages": 16500000.0,
        "Gross Profit": 539300000.0,
        "Cost Of Revenue": 70100000.0,
        "Total Revenue": 609400000.0,
        "Operating Revenue": 609400000.0
    }
}