{
    "2023-03-31": {
        "Tax Effect Of Unusual Items": NaN,
        "Tax Rate For Calcs": NaN,
        "Normalized EBITDA": NaN,
        "Net Income From Continuing Operation Net Minority Interest": NaN,
        "Reconciled Depreciation": NaN,
        "Reconciled Cost Of Revenue": NaN,
        "EBITDA": NaN,
        "EBIT": NaN,
        "Net Interest Income": NaN,
        "Interest Expense": NaN,
        "Interest Income": NaN,
        "Normalized Income": NaN,
        "Net Income From Continuing And Discontinued Operation": NaN,
        "Total Expenses": NaN,
        "Rent Expense Supplemental": NaN,
        "Total Operating Income As Reported": NaN,
        "Diluted Average Shares": NaN,
        "Basic Average Shares": NaN,
        "Diluted EPS": NaN,
        "Basic EPS": NaN,
        "Diluted NI Availto Com Stockholders": NaN,
        "Net Income Common Stockholders": NaN,
        "Otherunder Preferred Stock Dividend": NaN,
        "Preferred Stock Dividends": 1251000.0,
        "Net Income": NaN,
        "Net Income Including Noncontrolling Interests": NaN,
        "Net Income Continuous Operations": NaN,
        "Tax Provision": NaN,
        "Pretax Income": NaN,
        "Other Income Expense": NaN,
        "Other Non Operating Income Expenses": NaN,
        "Net Non Operating Interest Income Expense": NaN,
        "Interest Expense Non Operating": NaN,
        "Interest Income Non Operating": NaN,
        "Operating Income": NaN,
        "Operating Expense": NaN,
        "Selling General And Administration": NaN,
        "Selling And Marketing Expense": NaN,
        "General And Administrative Expense": NaN,
        "Other Gand A": NaN,
        "Salaries And Wages": NaN,
        "Gross Profit": NaN,
        "Cost Of Revenue": NaN,
        "Total Revenue": NaN,
        "Operating Revenue": NaN
    },
    "2022-12-31": {
        "Tax Effect Of Unusual Items": NaN,
        "Tax Rate For Calcs": NaN,
        "Normalized EBITDA": NaN,
        "Net Income From Continuing Operation Net Minority Interest": NaN,
        "Reconciled Depreciation": NaN,
        "Reconciled Cost Of Revenue": NaN,
        "EBITDA": NaN,
        "EBIT": NaN,
        "Net Interest Income": NaN,
        "Interest Expense": NaN,
        "Interest Income": NaN,
        "Normalized Income": NaN,
        "Net Income From Continuing And Discontinued Operation": NaN,
        "Total Expenses": NaN,
        "Rent Expense Supplemental": NaN,
        "Total Operating Income As Reported": NaN,
        "Diluted Average Shares": NaN,
        "Basic Average Shares": NaN,
        "Diluted EPS": NaN,
        "Basic EPS": NaN,
        "Diluted NI Availto Com Stockholders": NaN,
        "Net Income Common Stockholders": NaN,
        "Otherunder Preferred Stock Dividend": NaN,
        "Preferred Stock Dividends": 1277000.0,
        "Net Income": NaN,
        "Net Income Including Noncontrolling Interests": NaN,
        "Net Income Continuous Operations": NaN,
        "Tax Provision": NaN,
        "Pretax Income": NaN,
        "Other Income Expense": NaN,
        "Other Non Operating Income Expenses": NaN,
        "Net Non Operating Interest Income Expense": NaN,
        "Interest Expense Non Operating": NaN,
        "Interest Income Non Operating": NaN,
        "Operating Income": NaN,
        "Operating Expense": NaN,
        "Selling General And Administration": NaN,
        "Selling And Marketing Expense": NaN,
        "General And Administrative Expense": NaN,
        "Other Gand A": NaN,
        "Salaries And Wages": NaN,
        "Gross Profit": NaN,
        "Cost Of Revenue": NaN,
        "Total Revenue": NaN,
        "Operating Revenue": NaN
    },
    "2022-09-30": {
        "Tax Effect Of Unusual Items": NaN,
        "Tax Rate For Calcs": NaN,
        "Normalized EBITDA": NaN,
        "Net Income From Continuing Operation Net Minority Interest": NaN,
        "Reconciled Depreciation": NaN,
        "Reconciled Cost Of Revenue": NaN,
        "EBITDA": NaN,
        "EBIT": NaN,
        "Net Interest Income": NaN,
        "Interest Expense": NaN,
        "Interest Income": NaN,
        "Normalized Income": NaN,
        "Net Income From Continuing And Discontinued Operation": NaN,
        "Total Expenses": NaN,
        "Rent Expense Supplemental": NaN,
        "Total Operating Income As Reported": NaN,
        "Diluted Average Shares": NaN,
        "Basic Average Shares": NaN,
        "Diluted EPS": NaN,
        "Basic EPS": NaN,
        "Diluted NI Availto Com Stockholders": NaN,
        "Net Income Common Stockholders": NaN,
        "Otherunder Preferred Stock Dividend": NaN,
        "Preferred Stock Dividends": NaN,
        "Net Income": NaN,
        "Net Income Including Noncontrolling Interests": NaN,
        "Net Income Continuous Operations": NaN,
        "Tax Provision": NaN,
        "Pretax Income": NaN,
        "Other Income Expense": NaN,
        "Other Non Operating Income Expenses": NaN,
        "Net Non Operating Interest Income Expense": NaN,
        "Interest Expense Non Operating": NaN,
        "Interest Income Non Operating": NaN,
        "Operating Income": NaN,
        "Operating Expense": NaN,
        "Depreciation Amortization Depletion Income Statement": 314000.0,
        "Depreciation And Amortization In Income Statement": 314000.0,
        "Selling General And Administration": NaN,
        "Selling And Marketing Expense": NaN,
        "General And Administrative Expense": NaN,
        "Other Gand A": NaN,
        "Salaries And Wages": NaN,
        "Gross Profit": NaN,
        "Cost Of Revenue": NaN,
        "Total Revenue": NaN,
        "Operating Revenue": NaN
    },
    "2022-06-30": {
        "Tax Effect Of Unusual Items": 0.0,
        "Tax Rate For Calcs": 0.284987,
        "Normalized EBITDA": 9805000.0,
        "Net Income From Continuing Operation Net Minority Interest": 843000.0,
        "Reconciled Depreciation": 8074000.0,
        "Reconciled Cost Of Revenue": 45418000.0,
        "EBITDA": 9805000.0,
        "EBIT": 1731000.0,
        "Net Interest Income": -484000.0,
        "Interest Expense": 552000.0,
        "Interest Income": 68000.0,
        "Normalized Income": 843000.0,
        "Net Income From Continuing And Discontinued Operation": 843000.0,
        "Total Expenses": 99012000.0,
        "Rent Expense Supplemental": 8774000.0,
        "Total Operating Income As Reported": 1954000.0,
        "Diluted Average Shares": 33257000.0,
        "Basic Average Shares": 33257000.0,
        "Diluted EPS": -0.01,
        "Basic EPS": -0.01,
        "Diluted NI Availto Com Stockholders": -453000.0,
        "Net Income Common Stockholders": -453000.0,
        "Otherunder Preferred Stock Dividend": 0.0,
        "Preferred Stock Dividends": 1296000.0,
        "Net Income": 843000.0,
        "Net Income Including Noncontrolling Interests": 843000.0,
        "Net Income Continuous Operations": 843000.0,
        "Tax Provision": 336000.0,
        "Pretax Income": 1179000.0,
        "Other Income Expense": -291000.0,
        "Other Non Operating Income Expenses": -291000.0,
        "Net Non Operating Interest Income Expense": -484000.0,
        "Interest Expense Non Operating": 552000.0,
        "Interest Income Non Operating": 68000.0,
        "Operating Income": 1954000.0,
        "Operating Expense": 45796000.0,
        "Depreciation Amortization Depletion Income Statement": 276000.0,
        "Depreciation And Amortization In Income Statement": 276000.0,
        "Selling General And Administration": 45520000.0,
        "Selling And Marketing Expense": 13382000.0,
        "General And Administrative Expense": 32138000.0,
        "Other Gand A": 9537000.0,
        "Salaries And Wages": 22601000.0,
        "Gross Profit": 47750000.0,
        "Cost Of Revenue": 53216000.0,
        "Total Revenue": 100966000.0,
        "Operating Revenue": 100966000.0
    },
    "2023-06-30": {
        "Tax Effect Of Unusual Items": 0.0,
        "Tax Rate For Calcs": 0.112,
        "Normalized EBITDA": 14405000.0,
        "Net Income From Continuing Operation Net Minority Interest": -509000.0,
        "Reconciled Depreciation": 12021000.0,
        "Reconciled Cost Of Revenue": 88377000.0,
        "EBITDA": 14405000.0,
        "EBIT": 2384000.0,
        "Net Interest Income": -1325000.0,
        "Interest Expense": 2957000.0,
        "Interest Income": 1632000.0,
        "Normalized Income": -509000.0,
        "Net Income From Continuing And Discontinued Operation": -509000.0,
        "Total Expenses": 152623000.0,
        "Rent Expense Supplemental": 12731000.0,
        "Total Operating Income As Reported": 663000.0,
        "Diluted Average Shares": 34067000.0,
        "Basic Average Shares": 34067000.0,
        "Diluted EPS": -0.05,
        "Basic EPS": -0.05,
        "Diluted NI Availto Com Stockholders": -1772000.0,
        "Net Income Common Stockholders": -1772000.0,
        "Otherunder Preferred Stock Dividend": 0.0,
        "Preferred Stock Dividends": 1263000.0,
        "Net Income": -509000.0,
        "Net Income Including Noncontrolling Interests": -509000.0,
        "Net Income Continuous Operations": -509000.0,
        "Tax Provision": -64000.0,
        "Pretax Income": -573000.0,
        "Other Income Expense": 89000.0,
        "Other Non Operating Income Expenses": 89000.0,
        "Net Non Operating Interest Income Expense": -1325000.0,
        "Interest Expense Non Operating": 2957000.0,
        "Interest Income Non Operating": 1632000.0,
        "Operating Income": 663000.0,
        "Operating Expense": 64246000.0,
        "Selling General And Administration": 64246000.0,
        "Selling And Marketing Expense": 19136000.0,
        "General And Administrative Expense": 45110000.0,
        "Other Gand A": 12924000.0,
        "Salaries And Wages": 32186000.0,
        "Gross Profit": 64909000.0,
        "Cost Of Revenue": 88377000.0,
        "Total Revenue": 153286000.0,
        "Operating Revenue": 153286000.0
    },
    "2022-03-31": {
        "Diluted EPS": -0.13,
        "Total Revenue": 509,
        "Gross Profit": 126,
        "Operating Income": -19,
        "EBIT": 98,
        "Net Income": -29
    },
    "2021-12-31": {
        "Diluted EPS": -1.8,
        "Total Revenue": 466,
        "Gross Profit": 67,
        "Operating Income": -361,
        "EBIT": 51,
        "Net Income": -362
    },
    "2021-09-30": {
        "Diluted EPS": -0.44,
        "Total Revenue": 358,
        "Gross Profit": 83,
        "Operating Income": -90,
        "EBIT": 51,
        "Net Income": -83
    },
    "2021-06-30": {
        "Diluted EPS": -0.55,
        "Total Revenue": 292,
        "Gross Profit": 67,
        "Operating Income": -109,
        "EBIT": 35,
        "Net Income": -103
    },
    "2021-03-31": {
        "Diluted EPS": -0.57,
        "Total Revenue": 241,
        "Gross Profit": 58,
        "Operating Income": -118,
        "EBIT": 36,
        "Net Income": -106
    },
    "2020-12-31": {
        "Diluted EPS": -0.58,
        "Total Revenue": 221,
        "Gross Profit": 18,
        "Operating Income": -124,
        "EBIT": 30,
        "Net Income": -107
    },
    "2020-09-30": {
        "Diluted EPS": -0.6,
        "Total Revenue": 207,
        "Gross Profit": 75,
        "Operating Income": -115,
        "EBIT": 43,
        "Net Income": -112
    },
    "2020-06-30": {
        "Diluted EPS": -0.81,
        "Total Revenue": 250,
        "Gross Profit": 95,
        "Operating Income": -159,
        "EBIT": 14,
        "Net Income": -150
    },
    "2020-03-31": {
        "Diluted EPS": -2.28,
        "Total Revenue": 446,
        "Gross Profit": 135,
        "Operating Income": -494,
        "EBIT": 88,
        "Net Income": -435
    },
    "2019-12-31": {
        "Diluted EPS": -0.41,
        "Total Revenue": 492,
        "Gross Profit": 58,
        "Operating Income": -83,
        "EBIT": 98,
        "Net Income": -86
    },
    "2019-09-30": {
        "Diluted EPS": -1.31,
        "Total Revenue": 598,
        "Gross Profit": 177,
        "Operating Income": -307,
        "EBIT": 111,
        "Net Income": -262
    },
    "2019-06-30": {
        "Diluted EPS": -0.24,
        "Total Revenue": 676,
        "Gross Profit": 226,
        "Operating Income": -48,
        "EBIT": 161,
        "Net Income": -49
    },
    "2019-03-31": {
        "Diluted EPS": -0.14,
        "Total Revenue": 704,
        "Gross Profit": 237,
        "Operating Income": -23,
        "EBIT": 191,
        "Net Income": -29
    },
    "2018-12-31": {
        "Diluted EPS": -0.92,
        "Total Revenue": 796,
        "Gross Profit": 200,
        "Operating Income": -211,
        "EBIT": 213,
        "Net Income": -201
    },
    "2018-09-30": {
        "Diluted EPS": -0.34,
        "Total Revenue": 867,
        "Gross Profit": 254,
        "Operating Income": -80,
        "EBIT": 202,
        "Net Income": -75
    },
    "2018-06-30": {
        "Diluted EPS": -0.05,
        "Total Revenue": 854,
        "Gross Profit": 233,
        "Operating Income": -9,
        "EBIT": 204,
        "Net Income": -11
    },
    "2018-03-31": {
        "Diluted EPS": -0.16,
        "Total Revenue": 809,
        "Gross Profit": 238,
        "Operating Income": -22,
        "EBIT": 188,
        "Net Income": -34
    },
    "2017-12-31": {
        "Diluted EPS": 1.05,
        "Total Revenue": 787,
        "Gross Profit": 202,
        "Operating Income": -22,
        "EBIT": 190,
        "Net Income": 195
    },
    "2017-09-30": {
        "Diluted EPS": -0.16,
        "Total Revenue": 685,
        "Gross Profit": 208,
        "Operating Income": -38,
        "EBIT": 159,
        "Net Income": -34
    },
    "2017-06-30": {
        "Diluted EPS": -0.46,
        "Total Revenue": 579,
        "Gross Profit": 152,
        "Operating Income": -140,
        "EBIT": 79,
        "Net Income": -92
    },
    "2017-03-31": {
        "Diluted EPS": -0.4,
        "Total Revenue": 305,
        "Gross Profit": 78,
        "Operating Income": -93,
        "EBIT": 64,
        "Net Income": -64
    },
    "2016-12-31": {
        "Diluted EPS": -0.54,
        "Total Revenue": 247,
        "Gross Profit": 55,
        "Operating Income": -113,
        "EBIT": 44,
        "Net Income": -80
    },
    "2016-09-30": {
        "Diluted EPS": -0.58,
        "Total Revenue": 206,
        "Gross Profit": 53,
        "Operating Income": -123,
        "EBIT": 42,
        "Net Income": -84
    },
    "2016-06-30": {
        "Diluted EPS": -0.58,
        "Total Revenue": 194,
        "Gross Profit": 59,
        "Operating Income": -124,
        "EBIT": 47,
        "Net Income": -85
    },
    "2016-03-31": {
        "Diluted EPS": -0.48,
        "Total Revenue": 269,
        "Gross Profit": 100,
        "Operating Income": -95,
        "EBIT": 82,
        "Net Income": -70
    },
    "2015-12-31": {
        "Diluted EPS": -0.39,
        "Total Revenue": 339,
        "Gross Profit": 112,
        "Operating Income": -77,
        "EBIT": 99,
        "Net Income": -59
    },
    "2015-09-30": {
        "Diluted EPS": -1.54,
        "Total Revenue": 422,
        "Gross Profit": 144,
        "Operating Income": -330,
        "EBIT": 128,
        "Net Income": -226
    },
    "2015-06-30": {
        "Diluted EPS": -0.13,
        "Total Revenue": 473,
        "Gross Profit": 173,
        "Operating Income": -25,
        "EBIT": 158,
        "Net Income": -19
    },
    "2015-03-31": {
        "Diluted EPS": 0.06,
        "Total Revenue": 658,
        "Gross Profit": 229,
        "Operating Income": 24,
        "EBIT": 200,
        "Net Income": 9
    },
    "2014-12-31": {
        "Diluted EPS": 0.39,
        "Total Revenue": 901,
        "Gross Profit": 302,
        "Operating Income": 107,
        "EBIT": 288,
        "Net Income": 57
    },
    "2014-09-30": {
        "Diluted EPS": 0.11,
        "Total Revenue": 846,
        "Gross Profit": 283,
        "Operating Income": 30,
        "EBIT": 268,
        "Net Income": 16
    },
    "2014-06-30": {
        "Diluted EPS": 0.37,
        "Total Revenue": 757,
        "Gross Profit": 257,
        "Operating Income": 87,
        "EBIT": 241,
        "Net Income": 54
    },
    "2014-03-31": {
        "Diluted EPS": 0.24,
        "Total Revenue": 678,
        "Gross Profit": 224,
        "Operating Income": 59,
        "EBIT": 206,
        "Net Income": 34
    },
    "2013-12-31": {
        "Diluted EPS": 0.11,
        "Total Revenue": 659,
        "Gross Profit": 233,
        "Operating Income": 32,
        "EBIT": 215,
        "Net Income": 16
    },
    "2013-09-30": {
        "Diluted EPS": 0.51,
        "Total Revenue": 731,
        "Gross Profit": 283,
        "Operating Income": 125,
        "EBIT": 265,
        "Net Income": 74
    },
    "2013-06-30": {
        "Diluted EPS": 0.28,
        "Total Revenue": 659,
        "Gross Profit": 225,
        "Operating Income": 71,
        "EBIT": 208,
        "Net Income": 40
    },
    "2013-03-31": {
        "Diluted EPS": 0.38,
        "Total Revenue": 667,
        "Gross Profit": 249,
        "Operating Income": 95,
        "EBIT": 231,
        "Net Income": 56
    },
    "2012-12-31": {
        "Diluted EPS": 0.41,
        "Total Revenue": 653,
        "Gross Profit": 248,
        "Operating Income": 100,
        "EBIT": 233,
        "Net Income": 58
    },
    "2012-09-30": {
        "Diluted EPS": 0.33,
        "Total Revenue": 644,
        "Gross Profit": 246,
        "Operating Income": 89,
        "EBIT": 231,
        "Net Income": 50
    },
    "2012-06-30": {
        "Diluted EPS": 0.6,
        "Total Revenue": 681,
        "Gross Profit": 268,
        "Operating Income": 151,
        "EBIT": 279,
        "Net Income": 92
    },
    "2012-03-31": {
        "Diluted EPS": 0.62,
        "Total Revenue": 746,
        "Gross Profit": 294,
        "Operating Income": 158,
        "EBIT": 281,
        "Net Income": 97
    },
    "2011-12-31": {
        "Diluted EPS": 0.55,
        "Total Revenue": 725,
        "Gross Profit": 286,
        "Operating Income": 144,
        "EBIT": 272,
        "Net Income": 88
    },
    "2011-09-30": {
        "Diluted EPS": 0.53,
        "Total Revenue": 674,
        "Gross Profit": 258,
        "Operating Income": 132,
        "EBIT": 243,
        "Net Income": 82
    },
    "2011-06-30": {
        "Diluted EPS": 0.52,
        "Total Revenue": 600,
        "Gross Profit": 250,
        "Operating Income": 132,
        "EBIT": 235,
        "Net Income": 82
    },
    "2011-03-31": {
        "Diluted EPS": 0.46,
        "Total Revenue": 567,
        "Gross Profit": 228,
        "Operating Income": 118,
        "EBIT": 214,
        "Net Income": 71
    },
    "2010-12-31": {
        "Diluted EPS": 0.35,
        "Total Revenue": 506,
        "Gross Profit": 205,
        "Operating Income": 95,
        "EBIT": 188,
        "Net Income": 54
    },
    "2010-09-30": {
        "Diluted EPS": 0.19,
        "Total Revenue": 379,
        "Gross Profit": 151,
        "Operating Income": 53,
        "EBIT": 138,
        "Net Income": 29
    },
    "2010-06-30": {
        "Diluted EPS": 0.19,
        "Total Revenue": 307,
        "Gross Profit": 114,
        "Operating Income": 46,
        "EBIT": 125,
        "Net Income": 30
    },
    "2010-03-31": {
        "Diluted EPS": 0.03,
        "Total Revenue": 272,
        "Gross Profit": 95,
        "Operating Income": 8,
        "EBIT": 84,
        "Net Income": 4
    },
    "2009-12-31": {
        "Diluted EPS": -0.12,
        "Total Revenue": 214,
        "Gross Profit": 72,
        "Operating Income": -23,
        "EBIT": 59,
        "Net Income": -18
    },
    "2009-09-30": {
        "Diluted EPS": -0.12,
        "Total Revenue": 160,
        "Gross Profit": 56,
        "Operating Income": -25,
        "EBIT": 45,
        "Net Income": -19
    },
    "2009-06-30": {
        "Diluted EPS": -0.12,
        "Total Revenue": 140,
        "Gross Profit": 56,
        "Operating Income": -26,
        "EBIT": 42,
        "Net Income": -18
    },
    "2009-03-31": {
        "Diluted EPS": 0.11,
        "Total Revenue": 268,
        "Gross Profit": 109,
        "Operating Income": 25,
        "EBIT": 95,
        "Net Income": 16
    },
    "2023-09-30": {
        "Tax Effect Of Unusual Items": 0.0,
        "Tax Rate For Calcs": 0.274881,
        "Normalized EBITDA": 23614000.0,
        "Net Income From Continuing Operation Net Minority Interest": 6703000.0,
        "Reconciled Depreciation": 11731000.0,
        "Reconciled Cost Of Revenue": 93155000.0,
        "EBITDA": 23614000.0,
        "EBIT": 11883000.0,
        "Net Interest Income": -1038000.0,
        "Interest Expense": 2639000.0,
        "Interest Income": 1601000.0,
        "Normalized Income": 6703000.0,
        "Net Income From Continuing And Discontinued Operation": 6703000.0,
        "Total Expenses": 159959000.0,
        "Rent Expense Supplemental": 13697000.0,
        "Total Operating Income As Reported": 10339000.0,
        "Diluted Average Shares": 34824000.0,
        "Basic Average Shares": 34070000.0,
        "Diluted EPS": 0.1,
        "Basic EPS": 0.1,
        "Diluted NI Availto Com Stockholders": 3397000.0,
        "Net Income Common Stockholders": 3397000.0,
        "Otherunder Preferred Stock Dividend": 2028000.0,
        "Preferred Stock Dividends": 1278000.0,
        "Net Income": 6703000.0,
        "Net Income Including Noncontrolling Interests": 6703000.0,
        "Net Income Continuous Operations": 6703000.0,
        "Tax Provision": 2541000.0,
        "Pretax Income": 9244000.0,
        "Other Income Expense": -57000.0,
        "Other Non Operating Income Expenses": -57000.0,
        "Net Non Operating Interest Income Expense": -1038000.0,
        "Interest Expense Non Operating": 2639000.0,
        "Interest Income Non Operating": 1601000.0,
        "Operating Income": 10339000.0,
        "Operating Expense": 66804000.0,
        "Selling General And Administration": 66804000.0,
        "Selling And Marketing Expense": 17721000.0,
        "General And Administrative Expense": 49083000.0,
        "Other Gand A": 14309000.0,
        "Salaries And Wages": 34774000.0,
        "Gross Profit": 77143000.0,
        "Cost Of Revenue": 93155000.0,
        "Total Revenue": 170298000.0,
        "Operating Revenue": 170298000.0
    },
    "2023-12-31": {
        "Tax Effect Of Unusual Items": 0.0,
        "Tax Rate For Calcs": 0.233,
        "Normalized EBITDA": 28935000.0,
        "Net Income From Continuing Operation Net Minority Interest": 10389000.0,
        "Reconciled Depreciation": 12515000.0,
        "Reconciled Cost Of Revenue": 92409000.0,
        "EBITDA": 28935000.0,
        "EBIT": 16420000.0,
        "Net Interest Income": -896000.0,
        "Interest Expense": 2871000.0,
        "Interest Income": 1975000.0,
        "Normalized Income": 10389000.0,
        "Net Income From Continuing And Discontinued Operation": 10389000.0,
        "Total Expenses": 160464000.0,
        "Rent Expense Supplemental": 13021000.0,
        "Total Operating Income As Reported": 14231000.0,
        "Diluted Average Shares": 37439000.0,
        "Basic Average Shares": 36434000.0,
        "Diluted EPS": 0.17,
        "Basic EPS": 0.18,
        "Diluted NI Availto Com Stockholders": 6437000.0,
        "Net Income Common Stockholders": 6437000.0,
        "Otherunder Preferred Stock Dividend": 2855000.0,
        "Preferred Stock Dividends": 1097000.0,
        "Net Income": 10389000.0,
        "Net Income Including Noncontrolling Interests": 10389000.0,
        "Net Income Continuous Operations": 10389000.0,
        "Tax Provision": 3160000.0,
        "Pretax Income": 13549000.0,
        "Other Income Expense": 214000.0,
        "Other Non Operating Income Expenses": 214000.0,
        "Net Non Operating Interest Income Expense": -896000.0,
        "Interest Expense Non Operating": 2871000.0,
        "Interest Income Non Operating": 1975000.0,
        "Operating Income": 14231000.0,
        "Operating Expense": 68055000.0,
        "Selling General And Administration": 68055000.0,
        "Selling And Marketing Expense": 19445000.0,
        "General And Administrative Expense": 48610000.0,
        "Other Gand A": 14239000.0,
        "Salaries And Wages": 34371000.0,
        "Gross Profit": 82286000.0,
        "Cost Of Revenue": 92409000.0,
        "Total Revenue": 174695000.0,
        "Operating Revenue": 174695000.0
    },
    "2024-03-31": {
        "Tax Effect Of Unusual Items": 0.0,
        "Tax Rate For Calcs": 0.262,
        "Normalized EBITDA": 25361000.0,
        "Net Income From Continuing Operation Net Minority Interest": 7787000.0,
        "Reconciled Depreciation": 12623000.0,
        "Reconciled Cost Of Revenue": 97488000.0,
        "EBITDA": 25361000.0,
        "EBIT": 12738000.0,
        "Net Interest Income": -757000.0,
        "Interest Expense": 2184000.0,
        "Interest Income": 1427000.0,
        "Normalized Income": 7787000.0,
        "Net Income From Continuing And Discontinued Operation": 7787000.0,
        "Total Expenses": 172984000.0,
        "Rent Expense Supplemental": 13010000.0,
        "Total Operating Income As Reported": 11192000.0,
        "Diluted Average Shares": 54770000.0,
        "Basic Average Shares": 53757000.0,
        "Diluted EPS": 0.14,
        "Basic EPS": 0.14,
        "Diluted NI Availto Com Stockholders": 7787000.0,
        "Net Income Common Stockholders": 7787000.0,
        "Otherunder Preferred Stock Dividend": 0.0,
        "Preferred Stock Dividends": NaN,
        "Net Income": 7787000.0,
        "Net Income Including Noncontrolling Interests": 7787000.0,
        "Net Income Continuous Operations": 7787000.0,
        "Tax Provision": 2767000.0,
        "Pretax Income": 10554000.0,
        "Other Income Expense": 119000.0,
        "Other Non Operating Income Expenses": 119000.0,
        "Net Non Operating Interest Income Expense": -757000.0,
        "Interest Expense Non Operating": 2184000.0,
        "Interest Income Non Operating": 1427000.0,
        "Operating Income": 11192000.0,
        "Operating Expense": 75496000.0,
        "Selling General And Administration": 75496000.0,
        "Selling And Marketing Expense": 21151000.0,
        "General And Administrative Expense": 54345000.0,
        "Other Gand A": 16654000.0,
        "Salaries And Wages": 37691000.0,
        "Gross Profit": 86688000.0,
        "Cost Of Revenue": 97488000.0,
        "Total Revenue": 184176000.0,
        "Operating Revenue": 184176000.0
    },
    "2024-06-30": {
        "Tax Effect Of Unusual Items": 0.0,
        "Tax Rate For Calcs": 0.262,
        "Normalized EBITDA": 21798000.0,
        "Net Income From Continuing Operation Net Minority Interest": 4985000.0,
        "Reconciled Depreciation": 12892000.0,
        "Reconciled Cost Of Revenue": 95277000.0,
        "EBITDA": 21798000.0,
        "EBIT": 8906000.0,
        "Net Interest Income": -709000.0,
        "Interest Expense": 2149000.0,
        "Interest Income": 1440000.0,
        "Normalized Income": 4985000.0,
        "Net Income From Continuing And Discontinued Operation": 4985000.0,
        "Total Expenses": 170012000.0,
        "Rent Expense Supplemental": 13102000.0,
        "Total Operating Income As Reported": 7446000.0,
        "Diluted Average Shares": 54951000.0,
        "Basic Average Shares": 53805000.0,
        "Diluted EPS": 0.09,
        "Basic EPS": 0.09,
        "Diluted NI Availto Com Stockholders": 4985000.0,
        "Net Income Common Stockholders": 4985000.0,
        "Otherunder Preferred Stock Dividend": 0.0,
        "Preferred Stock Dividends": NaN,
        "Net Income": 4985000.0,
        "Net Income Including Noncontrolling Interests": 4985000.0,
        "Net Income Continuous Operations": 4985000.0,
        "Tax Provision": 1772000.0,
        "Pretax Income": 6757000.0,
        "Other Income Expense": 20000.0,
        "Other Non Operating Income Expenses": 20000.0,
        "Net Non Operating Interest Income Expense": -709000.0,
        "Interest Expense Non Operating": 2149000.0,
        "Interest Income Non Operating": 1440000.0,
        "Operating Income": 7446000.0,
        "Operating Expense": 74735000.0,
        "Selling General And Administration": 74735000.0,
        "Selling And Marketing Expense": 19422000.0,
        "General And Administrative Expense": 55313000.0,
        "Other Gand A": 15916000.0,
        "Salaries And Wages": 39397000.0,
        "Gross Profit": 82181000.0,
        "Cost Of Revenue": 95277000.0,
        "Total Revenue": 177458000.0,
        "Operating Revenue": 177458000.0
    }
}