{
    "2023-06-30": {
        "Tax Effect Of Unusual Items": 0.0,
        "Tax Rate For Calcs": 0.188,
        "Normalized EBITDA": 6204000.0,
        "Net Income From Continuing Operation Net Minority Interest": 4200000.0,
        "Reconciled Depreciation": 1779000.0,
        "Reconciled Cost Of Revenue": 5127000.0,
        "EBITDA": 6204000.0,
        "EBIT": 4425000.0,
        "Normalized Income": 4200000.0,
        "Net Income From Continuing And Discontinued Operation": 4200000.0,
        "Total Expenses": 8441000.0,
        "Total Operating Income As Reported": 4425000.0,
        "Diluted Average Shares": 3639000.0,
        "Basic Average Shares": 3629000.0,
        "Diluted EPS": 1.154,
        "Basic EPS": 1.157344,
        "Diluted NI Availto Com Stockholders": 4200000.0,
        "Net Income Common Stockholders": 4200000.0,
        "Net Income": 4200000.0,
        "Net Income Including Noncontrolling Interests": 4200000.0,
        "Net Income Continuous Operations": 4200000.0,
        "Tax Provision": 972000.0,
        "Pretax Income": 5172000.0,
        "Other Income Expense": 747000.0,
        "Other Non Operating Income Expenses": 747000.0,
        "Operating Income": 4425000.0,
        "Operating Expense": 3314000.0,
        "Research And Development": 133000.0,
        "Selling General And Administration": 3181000.0,
        "Gross Profit": 7739000.0,
        "Cost Of Revenue": 5127000.0,
        "Total Revenue": 12866000.0,
        "Operating Revenue": 12866000.0
    },
    "2023-03-31": {
        "Tax Effect Of Unusual Items": 0.0,
        "Tax Rate For Calcs": 0.177,
        "Normalized EBITDA": 6203000.0,
        "Net Income From Continuing Operation Net Minority Interest": 4214000.0,
        "Reconciled Depreciation": 1764000.0,
        "Reconciled Cost Of Revenue": 4677000.0,
        "EBITDA": 6203000.0,
        "EBIT": 4439000.0,
        "Normalized Income": 4214000.0,
        "Net Income From Continuing And Discontinued Operation": 4214000.0,
        "Total Expenses": 8081000.0,
        "Total Operating Income As Reported": 4439000.0,
        "Diluted Average Shares": 3636000.0,
        "Basic Average Shares": 3635893.0,
        "Diluted EPS": 1.158966,
        "Basic EPS": 1.159,
        "Diluted NI Availto Com Stockholders": 4214000.0,
        "Net Income Common Stockholders": 4214000.0,
        "Net Income": 4214000.0,
        "Net Income Including Noncontrolling Interests": 4214000.0,
        "Net Income Continuous Operations": 4214000.0,
        "Tax Provision": 905000.0,
        "Pretax Income": 5119000.0,
        "Other Income Expense": 680000.0,
        "Other Non Operating Income Expenses": 680000.0,
        "Operating Income": 4439000.0,
        "Operating Expense": 3404000.0,
        "Research And Development": 144000.0,
        "Selling General And Administration": 3260000.0,
        "Gross Profit": 7843000.0,
        "Cost Of Revenue": 4677000.0,
        "Total Revenue": 12520000.0,
        "Operating Revenue": 12520000.0
    },
    "2022-12-31": {
        "Tax Effect Of Unusual Items": 0.0,
        "Tax Rate For Calcs": 0.185298,
        "Normalized EBITDA": 6822000.0,
        "Net Income From Continuing Operation Net Minority Interest": 4555000.0,
        "Reconciled Depreciation": 1752000.0,
        "Reconciled Cost Of Revenue": 5247000.0,
        "EBITDA": 6822000.0,
        "EBIT": 5070000.0,
        "Normalized Income": 4555000.0,
        "Net Income From Continuing And Discontinued Operation": 4555000.0,
        "Total Expenses": 8504000.0,
        "Total Operating Income As Reported": 5070000.0,
        "Diluted Average Shares": 3635000.0,
        "Basic Average Shares": 3628000.0,
        "Diluted EPS": 1.253,
        "Basic EPS": 1.255513,
        "Diluted NI Availto Com Stockholders": 4555000.0,
        "Net Income Common Stockholders": 4555000.0,
        "Net Income": 4555000.0,
        "Net Income Including Noncontrolling Interests": 4555000.0,
        "Net Income Continuous Operations": 4555000.0,
        "Tax Provision": 1036000.0,
        "Pretax Income": 5591000.0,
        "Other Income Expense": 521000.0,
        "Other Non Operating Income Expenses": -140000.0,
        "Operating Income": 5070000.0,
        "Operating Expense": 3257000.0,
        "Research And Development": 123000.0,
        "Selling General And Administration": 3134000.0,
        "Gross Profit": 8327000.0,
        "Cost Of Revenue": 5247000.0,
        "Total Revenue": 13574000.0,
        "Operating Revenue": 13574000.0
    },
    "2022-09-30": {
        "Tax Effect Of Unusual Items": 0.0,
        "Tax Rate For Calcs": 0.21,
        "Normalized EBITDA": 5141000.0,
        "Net Income From Continuing Operation Net Minority Interest": 4280000.0,
        "Reconciled Depreciation": 1745000.0,
        "Reconciled Cost Of Revenue": 4769000.0,
        "EBITDA": 5141000.0,
        "EBIT": 5141000.0,
        "Normalized Income": 4280000.0,
        "Net Income From Continuing And Discontinued Operation": 4280000.0,
        "Total Expenses": 4769000.0,
        "Total Operating Income As Reported": 5141000.0,
        "Diluted Average Shares": 3633277.0,
        "Basic Average Shares": 3625000.0,
        "Diluted EPS": 1.178,
        "Basic EPS": 1.18069,
        "Diluted NI Availto Com Stockholders": 4280000.0,
        "Net Income Common Stockholders": 4280000.0,
        "Net Income": 4280000.0,
        "Net Income Including Noncontrolling Interests": 5339000.0,
        "Net Income Continuous Operations": 5339000.0,
        "Tax Provision": 1059000.0,
        "Pretax Income": 5339000.0,
        "Other Income Expense": 198000.0,
        "Other Non Operating Income Expenses": 198000.0,
        "Operating Income": 5141000.0,
        "Operating Expense": 3045000.0,
        "Research And Development": 112000.0,
        "Selling General And Administration": 2933000.0,
        "Gross Profit": 8186000.0,
        "Cost Of Revenue": 4769000.0,
        "Total Revenue": 12955000.0,
        "Operating Revenue": 12955000.0
    },
    "2022-06-30": {
        "Tax Effect Of Unusual Items": 0.0,
        "Tax Rate For Calcs": 0.4,
        "Normalized EBITDA": 5057000.0,
        "Net Income From Continuing Operation Net Minority Interest": 4103000.0,
        "Reconciled Depreciation": 1776000.0,
        "Reconciled Cost Of Revenue": 5277000.0,
        "EBITDA": 5057000.0,
        "EBIT": 5057000.0,
        "Normalized Income": 4103000.0,
        "Net Income From Continuing And Discontinued Operation": 4103000.0,
        "Total Expenses": 5277000.0,
        "Total Operating Income As Reported": 5057000.0,
        "Diluted Average Shares": 3650000.0,
        "Basic Average Shares": 3643000.0,
        "Diluted EPS": 1.12,
        "Basic EPS": 1.13,
        "Diluted NI Availto Com Stockholders": 4103000.0,
        "Net Income Common Stockholders": 4103000.0,
        "Net Income": 4103000.0,
        "Net Income Including Noncontrolling Interests": 5199000.0,
        "Net Income Continuous Operations": 5199000.0,
        "Tax Provision": 1096000.0,
        "Pretax Income": 5199000.0,
        "Other Income Expense": 142000.0,
        "Other Non Operating Income Expenses": 142000.0,
        "Operating Income": 5057000.0,
        "Operating Expense": 3094000.0,
        "Research And Development": 135000.0,
        "Selling General And Administration": 2959000.0,
        "Gross Profit": 8151000.0,
        "Cost Of Revenue": 5277000.0,
        "Total Revenue": 13428000.0,
        "Operating Revenue": 13428000.0
    },
    "2022-03-31": {
        "Diluted EPS": 0.96,
        "Total Revenue": 12,
        "Gross Profit": 8,
        "Operating Income": 5,
        "EBIT": 6,
        "Net Income": 4
    },
    "2021-12-31": {
        "Diluted EPS": 1.12,
        "Total Revenue": 13,
        "Gross Profit": 8,
        "Operating Income": 5,
        "EBIT": 7,
        "Net Income": 4
    },
    "2021-09-30": {
        "Diluted EPS": 1.15,
        "Total Revenue": 13,
        "Gross Profit": 8,
        "Operating Income": 5,
        "EBIT": 7,
        "Net Income": 4
    },
    "2021-06-30": {
        "Diluted EPS": 0.94,
        "Total Revenue": 13,
        "Gross Profit": 8,
        "Operating Income": 5,
        "EBIT": 7,
        "Net Income": 3
    },
    "2021-03-31": {
        "Diluted EPS": 0.83,
        "Total Revenue": 11,
        "Gross Profit": 7,
        "Operating Income": 4,
        "EBIT": 6,
        "Net Income": 3
    },
    "2020-12-31": {
        "Diluted EPS": 0.94,
        "Total Revenue": 12,
        "Gross Profit": 7,
        "Operating Income": 4,
        "EBIT": 6,
        "Net Income": 3
    },
    "2020-09-30": {
        "Diluted EPS": 0.8,
        "Total Revenue": 10,
        "Gross Profit": 6,
        "Operating Income": 4,
        "EBIT": 5,
        "Net Income": 3
    },
    "2020-06-30": {
        "Diluted EPS": 0.36,
        "Total Revenue": 9,
        "Gross Profit": 5,
        "Operating Income": 2,
        "EBIT": 4,
        "Net Income": 1
    },
    "2020-03-31": {
        "Diluted EPS": 0.84,
        "Total Revenue": 11,
        "Gross Profit": 7,
        "Operating Income": 4,
        "EBIT": 6,
        "Net Income": 3
    },
    "2019-12-31": {
        "Diluted EPS": 1.17,
        "Total Revenue": 12,
        "Gross Profit": 8,
        "Operating Income": 5,
        "EBIT": 6,
        "Net Income": 4
    },
    "2019-09-30": {
        "Diluted EPS": 0.99,
        "Total Revenue": 12,
        "Gross Profit": 7,
        "Operating Income": 4,
        "EBIT": 6,
        "Net Income": 4
    },
    "2019-06-30": {
        "Diluted EPS": 0.94,
        "Total Revenue": 12,
        "Gross Profit": 8,
        "Operating Income": 4,
        "EBIT": 6,
        "Net Income": 4
    },
    "2019-03-31": {
        "Diluted EPS": 0.84,
        "Total Revenue": 11,
        "Gross Profit": 7,
        "Operating Income": 4,
        "EBIT": 6,
        "Net Income": 3
    },
    "2018-12-31": {
        "Diluted EPS": 0.91,
        "Total Revenue": 10,
        "Gross Profit": 6,
        "Operating Income": 4,
        "EBIT": 5,
        "Net Income": 3
    },
    "2018-09-30": {
        "Diluted EPS": 1.8,
        "Total Revenue": 10,
        "Gross Profit": 6,
        "Operating Income": 4,
        "EBIT": 5,
        "Net Income": 7
    },
    "2018-06-30": {
        "Diluted EPS": 1.15,
        "Total Revenue": 11,
        "Gross Profit": 7,
        "Operating Income": 5,
        "EBIT": 6,
        "Net Income": 4
    },
    "2018-03-31": {
        "Diluted EPS": 1.09,
        "Total Revenue": 11,
        "Gross Profit": 7,
        "Operating Income": 5,
        "EBIT": 6,
        "Net Income": 4
    },
    "2017-12-31": {
        "Diluted EPS": -0.68,
        "Total Revenue": 10,
        "Gross Profit": 6,
        "Operating Income": 5,
        "EBIT": 5,
        "Net Income": -3
    },
    "2017-09-30": {
        "Diluted EPS": 0.97,
        "Total Revenue": 10,
        "Gross Profit": 6,
        "Operating Income": 5,
        "EBIT": 5,
        "Net Income": 4
    },
    "2017-06-30": {
        "Diluted EPS": 1.04,
        "Total Revenue": 11,
        "Gross Profit": 7,
        "Operating Income": 5,
        "EBIT": 6,
        "Net Income": 4
    },
    "2017-03-31": {
        "Diluted EPS": 0.95,
        "Total Revenue": 10,
        "Gross Profit": 7,
        "Operating Income": 5,
        "EBIT": 5,
        "Net Income": 4
    },
    "2016-12-31": {
        "Diluted EPS": 0.73,
        "Total Revenue": 9,
        "Gross Profit": 5,
        "Operating Income": 4,
        "EBIT": 4,
        "Net Income": 3
    },
    "2016-09-30": {
        "Diluted EPS": 0.78,
        "Total Revenue": 10,
        "Gross Profit": 6,
        "Operating Income": 4,
        "EBIT": 5,
        "Net Income": 3
    },
    "2016-06-30": {
        "Diluted EPS": 0.86,
        "Total Revenue": 10,
        "Gross Profit": 6,
        "Operating Income": 4,
        "EBIT": 5,
        "Net Income": 3
    },
    "2016-03-31": {
        "Diluted EPS": 0.85,
        "Total Revenue": 10,
        "Gross Profit": 6,
        "Operating Income": 4,
        "EBIT": 5,
        "Net Income": 3
    },
    "2015-12-31": {
        "Diluted EPS": 0.85,
        "Total Revenue": 10,
        "Gross Profit": 6,
        "Operating Income": 4,
        "EBIT": 5,
        "Net Income": 3
    },
    "2015-09-30": {
        "Diluted EPS": 0.81,
        "Total Revenue": 10,
        "Gross Profit": 6,
        "Operating Income": 4,
        "EBIT": 5,
        "Net Income": 3
    },
    "2015-06-30": {
        "Diluted EPS": 0.77,
        "Total Revenue": 10,
        "Gross Profit": 6,
        "Operating Income": 4,
        "EBIT": 5,
        "Net Income": 3
    },
    "2015-03-31": {
        "Diluted EPS": 0.71,
        "Total Revenue": 10,
        "Gross Profit": 6,
        "Operating Income": 4,
        "EBIT": 5,
        "Net Income": 3
    },
    "2014-12-31": {
        "Diluted EPS": 0.8,
        "Total Revenue": 10,
        "Gross Profit": 6,
        "Operating Income": 4,
        "EBIT": 5,
        "Net Income": 3
    },
    "2014-09-30": {
        "Diluted EPS": 0.75,
        "Total Revenue": 11,
        "Gross Profit": 6,
        "Operating Income": 4,
        "EBIT": 5,
        "Net Income": 3
    },
    "2014-06-30": {
        "Diluted EPS": 0.75,
        "Total Revenue": 10,
        "Gross Profit": 6,
        "Operating Income": 4,
        "EBIT": 5,
        "Net Income": 3
    },
    "2014-03-31": {
        "Diluted EPS": 0.72,
        "Total Revenue": 10,
        "Gross Profit": 6,
        "Operating Income": 4,
        "EBIT": 5,
        "Net Income": 3
    },
    "2013-12-31": {
        "Diluted EPS": 0.91,
        "Total Revenue": 10,
        "Gross Profit": 6,
        "Operating Income": 4,
        "EBIT": 4,
        "Net Income": 3
    },
    "2013-09-30": {
        "Diluted EPS": 0.68,
        "Total Revenue": 10,
        "Gross Profit": 6,
        "Operating Income": 4,
        "EBIT": 4,
        "Net Income": 3
    },
    "2013-06-30": {
        "Diluted EPS": 0.7,
        "Total Revenue": 10,
        "Gross Profit": 6,
        "Operating Income": 4,
        "EBIT": 5,
        "Net Income": 3
    },
    "2013-03-31": {
        "Diluted EPS": 0.73,
        "Total Revenue": 10,
        "Gross Profit": 6,
        "Operating Income": 4,
        "EBIT": 5,
        "Net Income": 3
    },
    "2012-12-31": {
        "Diluted EPS": 0.6,
        "Total Revenue": 10,
        "Gross Profit": 6,
        "Operating Income": 4,
        "EBIT": 4,
        "Net Income": 2
    },
    "2012-09-30": {
        "Diluted EPS": 0.73,
        "Total Revenue": 10,
        "Gross Profit": 6,
        "Operating Income": 4,
        "EBIT": 5,
        "Net Income": 3
    },
    "2012-06-30": {
        "Diluted EPS": 0.65,
        "Total Revenue": 10,
        "Gross Profit": 6,
        "Operating Income": 4,
        "EBIT": 4,
        "Net Income": 2
    },
    "2012-03-31": {
        "Diluted EPS": 0.76,
        "Total Revenue": 11,
        "Gross Profit": 7,
        "Operating Income": 4,
        "EBIT": 5,
        "Net Income": 3
    },
    "2011-12-31": {
        "Diluted EPS": 0.51,
        "Total Revenue": 10,
        "Gross Profit": 6,
        "Operating Income": 3,
        "EBIT": 4,
        "Net Income": 2
    },
    "2011-09-30": {
        "Diluted EPS": 0.61,
        "Total Revenue": 11,
        "Gross Profit": 7,
        "Operating Income": 4,
        "EBIT": 4,
        "Net Income": 2
    },
    "2011-06-30": {
        "Diluted EPS": 0.54,
        "Total Revenue": 10,
        "Gross Profit": 6,
        "Operating Income": 3,
        "EBIT": 4,
        "Net Income": 2
    },
    "2011-03-31": {
        "Diluted EPS": 0.37,
        "Total Revenue": 7,
        "Gross Profit": 4,
        "Operating Income": 2,
        "EBIT": 2,
        "Net Income": 1
    },
    "2010-12-31": {
        "Diluted EPS": 0.41,
        "Total Revenue": 6,
        "Gross Profit": 3,
        "Operating Income": 2,
        "EBIT": 2,
        "Net Income": 2
    },
    "2010-09-30": {
        "Diluted EPS": 0.42,
        "Total Revenue": 6,
        "Gross Profit": 3,
        "Operating Income": 2,
        "EBIT": 2,
        "Net Income": 2
    },
    "2010-06-30": {
        "Diluted EPS": 0.4,
        "Total Revenue": 6,
        "Gross Profit": 3,
        "Operating Income": 2,
        "EBIT": 2,
        "Net Income": 1
    },
    "2010-03-31": {
        "Diluted EPS": 0.42,
        "Total Revenue": 6,
        "Gross Profit": 3,
        "Operating Income": 2,
        "EBIT": 2,
        "Net Income": 2
    },
    "2009-12-31": {
        "Diluted EPS": 0.42,
        "Total Revenue": 6,
        "Gross Profit": 3,
        "Operating Income": 2,
        "EBIT": 3,
        "Net Income": 2
    },
    "2009-09-30": {
        "Diluted EPS": 0.44,
        "Total Revenue": 7,
        "Gross Profit": 3,
        "Operating Income": 2,
        "EBIT": 3,
        "Net Income": 2
    },
    "2009-06-30": {
        "Diluted EPS": 0.42,
        "Total Revenue": 6,
        "Gross Profit": 3,
        "Operating Income": 2,
        "EBIT": 2,
        "Net Income": 2
    },
    "2009-03-31": {
        "Diluted EPS": 0.44,
        "Total Revenue": 6,
        "Gross Profit": 4,
        "Operating Income": 2,
        "EBIT": 3,
        "Net Income": 2
    },
    "2023-09-30": {
        "Tax Effect Of Unusual Items": 0.0,
        "Tax Rate For Calcs": 0.177,
        "Normalized EBITDA": 5754000.0,
        "Net Income From Continuing Operation Net Minority Interest": 3935000.0,
        "Reconciled Depreciation": 1785000.0,
        "Reconciled Cost Of Revenue": 5146000.0,
        "EBITDA": 5754000.0,
        "EBIT": 3969000.0,
        "Normalized Income": 3935000.0,
        "Net Income From Continuing And Discontinued Operation": 3935000.0,
        "Total Expenses": 8536000.0,
        "Total Operating Income As Reported": 3969000.0,
        "Diluted Average Shares": 3640148.0,
        "Basic Average Shares": 3640148.0,
        "Diluted EPS": 1.081,
        "Basic EPS": 1.081,
        "Diluted NI Availto Com Stockholders": 3935000.0,
        "Net Income Common Stockholders": 3935000.0,
        "Net Income": 3935000.0,
        "Net Income Including Noncontrolling Interests": 3935000.0,
        "Net Income Continuous Operations": 3935000.0,
        "Tax Provision": 846000.0,
        "Pretax Income": 4781000.0,
        "Other Income Expense": 812000.0,
        "Other Non Operating Income Expenses": 812000.0,
        "Operating Income": 3969000.0,
        "Operating Expense": 3390000.0,
        "Research And Development": 138000.0,
        "Selling General And Administration": 3252000.0,
        "Gross Profit": 7359000.0,
        "Cost Of Revenue": 5146000.0,
        "Total Revenue": 12505000.0,
        "Operating Revenue": 12505000.0
    },
    "2023-12-31": {
        "Tax Effect Of Unusual Items": NaN,
        "Tax Rate For Calcs": NaN,
        "Normalized EBITDA": NaN,
        "Net Income From Continuing Operation Net Minority Interest": NaN,
        "Reconciled Depreciation": NaN,
        "Reconciled Cost Of Revenue": NaN,
        "EBITDA": NaN,
        "EBIT": NaN,
        "Normalized Income": NaN,
        "Net Income From Continuing And Discontinued Operation": NaN,
        "Total Expenses": NaN,
        "Total Operating Income As Reported": NaN,
        "Diluted Average Shares": 3632000.0,
        "Basic Average Shares": 3629525.0,
        "Diluted EPS": 1.18,
        "Basic EPS": 1.181146,
        "Diluted NI Availto Com Stockholders": NaN,
        "Net Income Common Stockholders": NaN,
        "Net Income": NaN,
        "Net Income Including Noncontrolling Interests": NaN,
        "Net Income Continuous Operations": NaN,
        "Tax Provision": NaN,
        "Pretax Income": NaN,
        "Other Income Expense": NaN,
        "Other Non Operating Income Expenses": NaN,
        "Operating Income": NaN,
        "Operating Expense": NaN,
        "Research And Development": NaN,
        "Selling General And Administration": NaN,
        "Gross Profit": NaN,
        "Cost Of Revenue": NaN,
        "Total Revenue": NaN,
        "Operating Revenue": NaN
    }
}