{
    "2023-03-31": {
        "Tax Effect Of Unusual Items": NaN,
        "Tax Rate For Calcs": NaN,
        "Normalized EBITDA": NaN,
        "Total Unusual Items": NaN,
        "Total Unusual Items Excluding Goodwill": NaN,
        "Net Income From Continuing Operation Net Minority Interest": NaN,
        "Reconciled Depreciation": NaN,
        "Reconciled Cost Of Revenue": NaN,
        "EBITDA": NaN,
        "EBIT": NaN,
        "Net Interest Income": NaN,
        "Interest Expense": NaN,
        "Normalized Income": NaN,
        "Net Income From Continuing And Discontinued Operation": NaN,
        "Total Expenses": NaN,
        "Total Operating Income As Reported": NaN,
        "Diluted Average Shares": 80978008.0,
        "Basic Average Shares": 80978008.0,
        "Diluted EPS": -0.11,
        "Basic EPS": -0.11,
        "Diluted NI Availto Com Stockholders": NaN,
        "Net Income Common Stockholders": NaN,
        "Net Income": NaN,
        "Minority Interests": NaN,
        "Net Income Including Noncontrolling Interests": NaN,
        "Net Income Continuous Operations": NaN,
        "Tax Provision": NaN,
        "Pretax Income": NaN,
        "Other Income Expense": NaN,
        "Other Non Operating Income Expenses": NaN,
        "Special Income Charges": NaN,
        "Gain On Sale Of Ppe": NaN,
        "Gain On Sale Of Business": 0.0,
        "Other Special Charges": NaN,
        "Gain On Sale Of Security": NaN,
        "Net Non Operating Interest Income Expense": NaN,
        "Total Other Finance Cost": NaN,
        "Interest Expense Non Operating": NaN,
        "Operating Income": NaN,
        "Operating Expense": NaN,
        "Selling General And Administration": NaN,
        "Selling And Marketing Expense": NaN,
        "General And Administrative Expense": NaN,
        "Other Gand A": NaN,
        "Gross Profit": NaN,
        "Cost Of Revenue": NaN,
        "Total Revenue": NaN,
        "Operating Revenue": NaN
    },
    "2022-12-31": {
        "Tax Effect Of Unusual Items": NaN,
        "Tax Rate For Calcs": NaN,
        "Normalized EBITDA": NaN,
        "Total Unusual Items": NaN,
        "Total Unusual Items Excluding Goodwill": NaN,
        "Net Income From Continuing Operation Net Minority Interest": NaN,
        "Reconciled Depreciation": NaN,
        "Reconciled Cost Of Revenue": NaN,
        "EBITDA": NaN,
        "EBIT": NaN,
        "Net Interest Income": NaN,
        "Interest Expense": NaN,
        "Normalized Income": NaN,
        "Net Income From Continuing And Discontinued Operation": NaN,
        "Total Expenses": NaN,
        "Total Operating Income As Reported": NaN,
        "Diluted Average Shares": 83362862.0,
        "Basic Average Shares": 80815963.0,
        "Diluted EPS": 0.18,
        "Basic EPS": 0.18,
        "Diluted NI Availto Com Stockholders": NaN,
        "Net Income Common Stockholders": NaN,
        "Net Income": NaN,
        "Minority Interests": NaN,
        "Net Income Including Noncontrolling Interests": NaN,
        "Net Income Continuous Operations": NaN,
        "Tax Provision": NaN,
        "Pretax Income": NaN,
        "Other Income Expense": NaN,
        "Other Non Operating Income Expenses": NaN,
        "Special Income Charges": NaN,
        "Gain On Sale Of Ppe": NaN,
        "Gain On Sale Of Business": NaN,
        "Gain On Sale Of Security": NaN,
        "Net Non Operating Interest Income Expense": NaN,
        "Total Other Finance Cost": NaN,
        "Interest Expense Non Operating": NaN,
        "Operating Income": NaN,
        "Operating Expense": NaN,
        "Selling General And Administration": NaN,
        "Selling And Marketing Expense": NaN,
        "General And Administrative Expense": NaN,
        "Other Gand A": NaN,
        "Gross Profit": NaN,
        "Cost Of Revenue": NaN,
        "Total Revenue": NaN,
        "Operating Revenue": NaN
    },
    "2022-09-30": {
        "Tax Effect Of Unusual Items": NaN,
        "Tax Rate For Calcs": NaN,
        "Normalized EBITDA": NaN,
        "Total Unusual Items": NaN,
        "Total Unusual Items Excluding Goodwill": NaN,
        "Net Income From Continuing Operation Net Minority Interest": NaN,
        "Reconciled Depreciation": NaN,
        "Reconciled Cost Of Revenue": NaN,
        "EBITDA": NaN,
        "EBIT": NaN,
        "Net Interest Income": NaN,
        "Interest Expense": NaN,
        "Normalized Income": NaN,
        "Net Income From Continuing And Discontinued Operation": NaN,
        "Total Expenses": NaN,
        "Total Operating Income As Reported": NaN,
        "Diluted Average Shares": NaN,
        "Basic Average Shares": NaN,
        "Diluted EPS": NaN,
        "Basic EPS": NaN,
        "Diluted NI Availto Com Stockholders": NaN,
        "Net Income Common Stockholders": NaN,
        "Otherunder Preferred Stock Dividend": 47000.0,
        "Net Income": NaN,
        "Minority Interests": NaN,
        "Net Income Including Noncontrolling Interests": NaN,
        "Net Income Continuous Operations": NaN,
        "Tax Provision": NaN,
        "Pretax Income": NaN,
        "Other Income Expense": NaN,
        "Other Non Operating Income Expenses": NaN,
        "Special Income Charges": NaN,
        "Gain On Sale Of Ppe": NaN,
        "Gain On Sale Of Business": NaN,
        "Gain On Sale Of Security": NaN,
        "Net Non Operating Interest Income Expense": NaN,
        "Total Other Finance Cost": NaN,
        "Interest Expense Non Operating": NaN,
        "Operating Income": NaN,
        "Operating Expense": NaN,
        "Selling General And Administration": NaN,
        "Selling And Marketing Expense": NaN,
        "General And Administrative Expense": NaN,
        "Other Gand A": NaN,
        "Gross Profit": NaN,
        "Cost Of Revenue": NaN,
        "Total Revenue": NaN,
        "Operating Revenue": NaN
    },
    "2022-06-30": {
        "Tax Effect Of Unusual Items": 2854000.0,
        "Tax Rate For Calcs": 0.4,
        "Normalized EBITDA": 25372000.0,
        "Total Unusual Items": 7135000.0,
        "Total Unusual Items Excluding Goodwill": 7135000.0,
        "Net Income From Continuing Operation Net Minority Interest": 3179000.0,
        "Reconciled Depreciation": 22443000.0,
        "Reconciled Cost Of Revenue": 238618000.0,
        "EBITDA": 32507000.0,
        "EBIT": 10064000.0,
        "Net Interest Income": -10727000.0,
        "Interest Expense": 10384000.0,
        "Normalized Income": -1102000.0,
        "Net Income From Continuing And Discontinued Operation": 3179000.0,
        "Total Expenses": 346230000.0,
        "Total Operating Income As Reported": 5292000.0,
        "Diluted Average Shares": 81510936.0,
        "Basic Average Shares": 80171174.0,
        "Diluted EPS": 0.04,
        "Basic EPS": 0.04,
        "Diluted NI Availto Com Stockholders": 3148000.0,
        "Net Income Common Stockholders": 3148000.0,
        "Otherunder Preferred Stock Dividend": 31000.0,
        "Net Income": 3179000.0,
        "Minority Interests": 634000.0,
        "Net Income Including Noncontrolling Interests": 2545000.0,
        "Net Income Continuous Operations": 2545000.0,
        "Tax Provision": -2865000.0,
        "Pretax Income": -320000.0,
        "Other Income Expense": 6490000.0,
        "Other Non Operating Income Expenses": -645000.0,
        "Special Income Charges": 1375000.0,
        "Gain On Sale Of Ppe": 1375000.0,
        "Gain On Sale Of Security": 5760000.0,
        "Net Non Operating Interest Income Expense": -10727000.0,
        "Total Other Finance Cost": 343000.0,
        "Interest Expense Non Operating": 10384000.0,
        "Operating Income": 3917000.0,
        "Operating Expense": 107612000.0,
        "Selling General And Administration": 107612000.0,
        "Selling And Marketing Expense": 68796000.0,
        "General And Administrative Expense": 38816000.0,
        "Other Gand A": 38816000.0,
        "Gross Profit": 111529000.0,
        "Cost Of Revenue": 238618000.0,
        "Total Revenue": 350147000.0,
        "Operating Revenue": 350147000.0
    },
    "2022-03-31": {
        "Diluted EPS": -0.22,
        "Total Revenue": 341,
        "Gross Profit": 104,
        "Operating Income": -22,
        "EBIT": 0,
        "Net Income": -18
    },
    "2021-12-31": {
        "Diluted EPS": -0.06,
        "Total Revenue": 301,
        "Gross Profit": 90,
        "Operating Income": -6,
        "EBIT": 19,
        "Net Income": -8
    },
    "2021-09-30": {
        "Diluted EPS": 0.4,
        "Total Revenue": 313,
        "Gross Profit": 103,
        "Operating Income": 3,
        "EBIT": 24,
        "Net Income": 33
    },
    "2021-06-30": {
        "Diluted EPS": 0.21,
        "Total Revenue": 298,
        "Gross Profit": 96,
        "Operating Income": 4,
        "EBIT": 24,
        "Net Income": 18
    },
    "2021-03-31": {
        "Diluted EPS": -0.3,
        "Total Revenue": 269,
        "Gross Profit": 95,
        "Operating Income": 9,
        "EBIT": 29,
        "Net Income": -23
    },
    "2020-12-31": {
        "Diluted EPS": -1.33,
        "Total Revenue": 246,
        "Gross Profit": 82,
        "Operating Income": 0,
        "EBIT": 13,
        "Net Income": -82
    },
    "2020-09-30": {
        "Diluted EPS": -0.31,
        "Total Revenue": 248,
        "Gross Profit": 86,
        "Operating Income": 2,
        "EBIT": 20,
        "Net Income": -23
    },
    "2020-06-30": {
        "Diluted EPS": 0.0,
        "Total Revenue": 242,
        "Gross Profit": 85,
        "Operating Income": 17,
        "EBIT": 28,
        "Net Income": 7
    },
    "2020-03-31": {
        "Diluted EPS": 0.0,
        "Total Revenue": 228,
        "Gross Profit": 80,
        "Operating Income": 12,
        "EBIT": 21,
        "Net Income": 2
    },
    "2019-12-31": {
        "Diluted EPS": 0.0,
        "Total Revenue": 569,
        "Gross Profit": 184,
        "Operating Income": 14,
        "EBIT": 24,
        "Net Income": -30
    },
    "2019-09-30": {
        "Diluted EPS": 0.0,
        "Total Revenue": 200,
        "Gross Profit": 70,
        "Operating Income": 25,
        "EBIT": 25,
        "Net Income": 10
    },
    "2019-06-30": {
        "Diluted EPS": 0.04,
        "Total Revenue": NaN,
        "Gross Profit": NaN,
        "Operating Income": 0,
        "EBIT": 0,
        "Net Income": 2
    },
    "2019-03-31": {
        "Diluted EPS": 0.04,
        "Total Revenue": NaN,
        "Gross Profit": NaN,
        "Operating Income": 0,
        "EBIT": 0,
        "Net Income": 2
    },
    "2018-12-31": {
        "Diluted EPS": 0.0,
        "Total Revenue": NaN,
        "Gross Profit": NaN,
        "Operating Income": NaN,
        "EBIT": NaN,
        "Net Income": NaN
    },
    "2018-09-30": {
        "Diluted EPS": -9.19,
        "Total Revenue": NaN,
        "Gross Profit": NaN,
        "Operating Income": 0,
        "EBIT": 0,
        "Net Income": 0
    },
    "2023-06-30": {
        "Tax Effect Of Unusual Items": NaN,
        "Tax Rate For Calcs": NaN,
        "Normalized EBITDA": NaN,
        "Total Unusual Items": NaN,
        "Total Unusual Items Excluding Goodwill": NaN,
        "Net Income From Continuing Operation Net Minority Interest": NaN,
        "Reconciled Depreciation": NaN,
        "Reconciled Cost Of Revenue": NaN,
        "EBITDA": NaN,
        "EBIT": NaN,
        "Net Interest Income": NaN,
        "Interest Expense": NaN,
        "Normalized Income": NaN,
        "Net Income From Continuing And Discontinued Operation": NaN,
        "Total Expenses": NaN,
        "Total Operating Income As Reported": NaN,
        "Diluted Average Shares": 81063457.0,
        "Basic Average Shares": 81063457.0,
        "Diluted EPS": -0.05,
        "Basic EPS": -0.05,
        "Diluted NI Availto Com Stockholders": NaN,
        "Net Income Common Stockholders": NaN,
        "Net Income": NaN,
        "Minority Interests": NaN,
        "Net Income Including Noncontrolling Interests": NaN,
        "Net Income Continuous Operations": NaN,
        "Tax Provision": NaN,
        "Pretax Income": NaN,
        "Other Income Expense": NaN,
        "Other Non Operating Income Expenses": NaN,
        "Special Income Charges": NaN,
        "Gain On Sale Of Ppe": NaN,
        "Gain On Sale Of Business": 0.0,
        "Other Special Charges": NaN,
        "Gain On Sale Of Security": NaN,
        "Net Non Operating Interest Income Expense": NaN,
        "Total Other Finance Cost": NaN,
        "Interest Expense Non Operating": NaN,
        "Operating Income": NaN,
        "Operating Expense": NaN,
        "Selling General And Administration": NaN,
        "Selling And Marketing Expense": NaN,
        "General And Administrative Expense": NaN,
        "Other Gand A": NaN,
        "Gross Profit": NaN,
        "Cost Of Revenue": NaN,
        "Total Revenue": NaN,
        "Operating Revenue": NaN
    },
    "2023-09-30": {
        "Tax Effect Of Unusual Items": 1574160.0,
        "Tax Rate For Calcs": 0.21,
        "Normalized EBITDA": 33233000.0,
        "Total Unusual Items": 7496000.0,
        "Total Unusual Items Excluding Goodwill": 7496000.0,
        "Net Income From Continuing Operation Net Minority Interest": 15993000.0,
        "Reconciled Depreciation": 19709000.0,
        "Reconciled Cost Of Revenue": 252583000.0,
        "EBITDA": 40729000.0,
        "EBIT": 21020000.0,
        "Net Interest Income": -15537000.0,
        "Interest Expense": 14904000.0,
        "Normalized Income": 10071160.0,
        "Net Income From Continuing And Discontinued Operation": 15993000.0,
        "Total Expenses": 358087000.0,
        "Total Operating Income As Reported": 5277000.0,
        "Diluted Average Shares": 83444275.0,
        "Basic Average Shares": 81141417.0,
        "Diluted EPS": 0.19,
        "Basic EPS": 0.2,
        "Diluted NI Availto Com Stockholders": 15993000.0,
        "Net Income Common Stockholders": 15993000.0,
        "Net Income": 15993000.0,
        "Minority Interests": -222000.0,
        "Net Income Including Noncontrolling Interests": 16215000.0,
        "Net Income Continuous Operations": 16215000.0,
        "Tax Provision": -10099000.0,
        "Pretax Income": 6116000.0,
        "Other Income Expense": 7888000.0,
        "Other Non Operating Income Expenses": 392000.0,
        "Special Income Charges": -8488000.0,
        "Gain On Sale Of Ppe": -8488000.0,
        "Gain On Sale Of Business": 0.0,
        "Other Special Charges": NaN,
        "Gain On Sale Of Security": 15984000.0,
        "Net Non Operating Interest Income Expense": -15537000.0,
        "Total Other Finance Cost": 633000.0,
        "Interest Expense Non Operating": 14904000.0,
        "Operating Income": 13765000.0,
        "Operating Expense": 105504000.0,
        "Selling General And Administration": 105504000.0,
        "Selling And Marketing Expense": 70973000.0,
        "General And Administrative Expense": 34531000.0,
        "Other Gand A": 34531000.0,
        "Gross Profit": 119269000.0,
        "Cost Of Revenue": 252583000.0,
        "Total Revenue": 371852000.0,
        "Operating Revenue": 371852000.0
    },
    "2023-12-31": {
        "Tax Effect Of Unusual Items": -2604630.0,
        "Tax Rate For Calcs": 0.21,
        "Normalized EBITDA": 27941000.0,
        "Total Unusual Items": -12403000.0,
        "Total Unusual Items Excluding Goodwill": -12403000.0,
        "Net Income From Continuing Operation Net Minority Interest": -27679000.0,
        "Reconciled Depreciation": 19374000.0,
        "Reconciled Cost Of Revenue": 236771000.0,
        "EBITDA": 15538000.0,
        "EBIT": -3836000.0,
        "Net Interest Income": -15656000.0,
        "Interest Expense": 15184000.0,
        "Normalized Income": -17880630.0,
        "Net Income From Continuing And Discontinued Operation": -27679000.0,
        "Total Expenses": 343847000.0,
        "Total Operating Income As Reported": 10177000.0,
        "Diluted Average Shares": NaN,
        "Basic Average Shares": NaN,
        "Diluted EPS": NaN,
        "Basic EPS": NaN,
        "Diluted NI Availto Com Stockholders": -27679000.0,
        "Net Income Common Stockholders": -27679000.0,
        "Net Income": -27679000.0,
        "Minority Interests": 5533000.0,
        "Net Income Including Noncontrolling Interests": -33212000.0,
        "Net Income Continuous Operations": -33212000.0,
        "Tax Provision": 14192000.0,
        "Pretax Income": -19020000.0,
        "Other Income Expense": -11616000.0,
        "Other Non Operating Income Expenses": 787000.0,
        "Special Income Charges": 1925000.0,
        "Gain On Sale Of Ppe": 1925000.0,
        "Gain On Sale Of Business": NaN,
        "Other Special Charges": NaN,
        "Gain On Sale Of Security": -14328000.0,
        "Net Non Operating Interest Income Expense": -15656000.0,
        "Total Other Finance Cost": 472000.0,
        "Interest Expense Non Operating": 15184000.0,
        "Operating Income": 8252000.0,
        "Operating Expense": 107076000.0,
        "Selling General And Administration": 107076000.0,
        "Selling And Marketing Expense": 71035000.0,
        "General And Administrative Expense": 36041000.0,
        "Other Gand A": 36041000.0,
        "Gross Profit": 115328000.0,
        "Cost Of Revenue": 236771000.0,
        "Total Revenue": 352099000.0,
        "Operating Revenue": 352099000.0
    },
    "2024-03-31": {
        "Tax Effect Of Unusual Items": 6664770.0,
        "Tax Rate For Calcs": 0.21,
        "Normalized EBITDA": 27577000.0,
        "Total Unusual Items": 31737000.0,
        "Total Unusual Items Excluding Goodwill": 31737000.0,
        "Net Income From Continuing Operation Net Minority Interest": -3990000.0,
        "Reconciled Depreciation": 18302000.0,
        "Reconciled Cost Of Revenue": 226950000.0,
        "EBITDA": 59314000.0,
        "EBIT": 41012000.0,
        "Net Interest Income": -13831000.0,
        "Interest Expense": 12071000.0,
        "Normalized Income": -29062230.0,
        "Net Income From Continuing And Discontinued Operation": -3990000.0,
        "Total Expenses": 336398000.0,
        "Total Operating Income As Reported": 9655000.0,
        "Diluted Average Shares": 81389465.0,
        "Basic Average Shares": 81389465.0,
        "Diluted EPS": -0.05,
        "Basic EPS": -0.05,
        "Diluted NI Availto Com Stockholders": -3990000.0,
        "Net Income Common Stockholders": -3990000.0,
        "Net Income": -3990000.0,
        "Minority Interests": -6387000.0,
        "Net Income Including Noncontrolling Interests": 2397000.0,
        "Net Income Continuous Operations": 2397000.0,
        "Tax Provision": 26544000.0,
        "Pretax Income": 28941000.0,
        "Other Income Expense": 32647000.0,
        "Other Non Operating Income Expenses": 910000.0,
        "Special Income Charges": 43545000.0,
        "Gain On Sale Of Ppe": -470000.0,
        "Gain On Sale Of Business": 44015000.0,
        "Other Special Charges": NaN,
        "Gain On Sale Of Security": -11808000.0,
        "Net Non Operating Interest Income Expense": -13831000.0,
        "Total Other Finance Cost": 1760000.0,
        "Interest Expense Non Operating": 12071000.0,
        "Operating Income": 10125000.0,
        "Operating Expense": 109448000.0,
        "Selling General And Administration": 109448000.0,
        "Selling And Marketing Expense": 73666000.0,
        "General And Administrative Expense": 35782000.0,
        "Other Gand A": 35782000.0,
        "Gross Profit": 119573000.0,
        "Cost Of Revenue": 226950000.0,
        "Total Revenue": 346523000.0,
        "Operating Revenue": 346523000.0
    },
    "2024-06-30": {
        "Tax Effect Of Unusual Items": 2937480.0,
        "Tax Rate For Calcs": 0.21,
        "Normalized EBITDA": 37191000.0,
        "Total Unusual Items": 13988000.0,
        "Total Unusual Items Excluding Goodwill": 13988000.0,
        "Net Income From Continuing Operation Net Minority Interest": 19848000.0,
        "Reconciled Depreciation": 17581000.0,
        "Reconciled Cost Of Revenue": 231436000.0,
        "EBITDA": 51179000.0,
        "EBIT": 33598000.0,
        "Net Interest Income": -10209000.0,
        "Interest Expense": 9460000.0,
        "Normalized Income": 8797480.0,
        "Net Income From Continuing And Discontinued Operation": 19848000.0,
        "Total Expenses": 336029000.0,
        "Total Operating Income As Reported": 22534000.0,
        "Diluted Average Shares": 84954412.0,
        "Basic Average Shares": 81457014.0,
        "Diluted EPS": 0.23,
        "Basic EPS": 0.24,
        "Diluted NI Availto Com Stockholders": 19848000.0,
        "Net Income Common Stockholders": 19848000.0,
        "Net Income": 19848000.0,
        "Minority Interests": -5599000.0,
        "Net Income Including Noncontrolling Interests": 25447000.0,
        "Net Income Continuous Operations": 25447000.0,
        "Tax Provision": -1309000.0,
        "Pretax Income": 24138000.0,
        "Other Income Expense": 14186000.0,
        "Other Non Operating Income Expenses": 198000.0,
        "Special Income Charges": 1100000.0,
        "Gain On Sale Of Ppe": 2373000.0,
        "Gain On Sale Of Business": 0.0,
        "Other Special Charges": 1273000.0,
        "Gain On Sale Of Security": 12888000.0,
        "Net Non Operating Interest Income Expense": -10209000.0,
        "Total Other Finance Cost": 749000.0,
        "Interest Expense Non Operating": 9460000.0,
        "Operating Income": 20161000.0,
        "Operating Expense": 104593000.0,
        "Selling General And Administration": 104593000.0,
        "Selling And Marketing Expense": 73780000.0,
        "General And Administrative Expense": 30813000.0,
        "Other Gand A": 30813000.0,
        "Gross Profit": 124754000.0,
        "Cost Of Revenue": 231436000.0,
        "Total Revenue": 356190000.0,
        "Operating Revenue": 356190000.0
    },
    "2024-09-30": {
        "Tax Effect Of Unusual Items": -1357768.240343,
        "Tax Rate For Calcs": 0.171674,
        "Normalized EBITDA": 38645000.0,
        "Total Unusual Items": -7909000.0,
        "Total Unusual Items Excluding Goodwill": -7909000.0,
        "Net Income From Continuing Operation Net Minority Interest": -2198000.0,
        "Reconciled Depreciation": 17507000.0,
        "Reconciled Cost Of Revenue": 234500000.0,
        "EBITDA": 30736000.0,
        "EBIT": 13229000.0,
        "Net Interest Income": -12591000.0,
        "Interest Expense": 12297000.0,
        "Normalized Income": 4353231.759657,
        "Net Income From Continuing And Discontinued Operation": -2198000.0,
        "Total Expenses": 344541000.0,
        "Total Operating Income As Reported": 19481000.0,
        "Diluted Average Shares": 82445064.0,
        "Basic Average Shares": 82445064.0,
        "Diluted EPS": -0.03,
        "Basic EPS": -0.03,
        "Diluted NI Availto Com Stockholders": -2198000.0,
        "Net Income Common Stockholders": -2198000.0,
        "Net Income": -2198000.0,
        "Minority Interests": -2970000.0,
        "Net Income Including Noncontrolling Interests": 772000.0,
        "Net Income Continuous Operations": 772000.0,
        "Tax Provision": 160000.0,
        "Pretax Income": 932000.0,
        "Other Income Expense": -7459000.0,
        "Other Non Operating Income Expenses": 450000.0,
        "Special Income Charges": -1501000.0,
        "Gain On Sale Of Ppe": -1501000.0,
        "Gain On Sale Of Business": 0.0,
        "Other Special Charges": NaN,
        "Gain On Sale Of Security": -6408000.0,
        "Net Non Operating Interest Income Expense": -12591000.0,
        "Total Other Finance Cost": 294000.0,
        "Interest Expense Non Operating": 12297000.0,
        "Operating Income": 20982000.0,
        "Operating Expense": 110041000.0,
        "Selling General And Administration": 110041000.0,
        "Selling And Marketing Expense": 80140000.0,
        "General And Administrative Expense": 29901000.0,
        "Other Gand A": 29901000.0,
        "Gross Profit": 131023000.0,
        "Cost Of Revenue": 234500000.0,
        "Total Revenue": 365523000.0,
        "Operating Revenue": 365523000.0
    }
}