{
    "2023-03-31": {
        "Tax Effect Of Unusual Items": 0.0,
        "Tax Rate For Calcs": 0.4,
        "Normalized EBITDA": 62184000.0,
        "Total Unusual Items": 0.0,
        "Total Unusual Items Excluding Goodwill": 0.0,
        "Net Income From Continuing Operation Net Minority Interest": 53707000.0,
        "Reconciled Depreciation": 14456000.0,
        "Reconciled Cost Of Revenue": 571171000.0,
        "EBIT": 62184000.0,
        "Net Interest Income": -10425000.0,
        "Interest Expense": 16041000.0,
        "Interest Income": 5616000.0,
        "Normalized Income": 53707000.0,
        "Net Income From Continuing And Discontinued Operation": 53707000.0,
        "Total Expenses": 641585000.0,
        "Total Operating Income As Reported": 52394000.0,
        "Diluted Average Shares": 24971854.0,
        "Basic Average Shares": 24776193.0,
        "Diluted EPS": 2.15,
        "Basic EPS": 2.17,
        "Diluted NI Availto Com Stockholders": 53707000.0,
        "Net Income Common Stockholders": 53707000.0,
        "Net Income": 53707000.0,
        "Minority Interests": -2961000.0,
        "Net Income Including Noncontrolling Interests": 56668000.0,
        "Net Income Continuous Operations": 56668000.0,
        "Tax Provision": -10525000.0,
        "Pretax Income": 46143000.0,
        "Other Income Expense": 4174000.0,
        "Other Non Operating Income Expenses": 1999000.0,
        "Special Income Charges": 0.0,
        "Restructuring And Mergern Acquisition": 0.0,
        "Earnings From Equity Interest": 2175000.0,
        "Net Non Operating Interest Income Expense": -10425000.0,
        "Interest Expense Non Operating": 16041000.0,
        "Interest Income Non Operating": 5616000.0,
        "Operating Income": 52394000.0,
        "Operating Expense": 70414000.0,
        "Selling General And Administration": 70414000.0,
        "Gross Profit": 122808000.0,
        "Cost Of Revenue": 571171000.0,
        "Total Revenue": 693979000.0,
        "Operating Revenue": 693979000.0
    },
    "2022-12-31": {
        "Tax Effect Of Unusual Items": 0.0,
        "Tax Rate For Calcs": 0.193,
        "Normalized EBITDA": 92429000.0,
        "Total Unusual Items": 0.0,
        "Total Unusual Items Excluding Goodwill": 0.0,
        "Net Income From Continuing Operation Net Minority Interest": 41660000.0,
        "Reconciled Depreciation": 14550000.0,
        "Reconciled Cost Of Revenue": 649539000.0,
        "EBIT": 77879000.0,
        "Net Interest Income": -14188000.0,
        "Interest Expense": 14265000.0,
        "Interest Income": 77000.0,
        "Normalized Income": 41660000.0,
        "Net Income From Continuing And Discontinued Operation": 41660000.0,
        "Total Expenses": 717513000.0,
        "Total Operating Income As Reported": 77526000.0,
        "Diluted Average Shares": 24928426.0,
        "Basic Average Shares": 24770294.0,
        "Diluted EPS": 1.67,
        "Basic EPS": 1.68,
        "Diluted NI Availto Com Stockholders": 41660000.0,
        "Net Income Common Stockholders": 41660000.0,
        "Net Income": 41660000.0,
        "Minority Interests": -9701000.0,
        "Net Income Including Noncontrolling Interests": 51361000.0,
        "Net Income Continuous Operations": 51361000.0,
        "Tax Provision": 12253000.0,
        "Pretax Income": 63614000.0,
        "Other Income Expense": 276000.0,
        "Other Non Operating Income Expenses": -69000.0,
        "Special Income Charges": 0.0,
        "Restructuring And Mergern Acquisition": 0.0,
        "Earnings From Equity Interest": 345000.0,
        "Net Non Operating Interest Income Expense": -14188000.0,
        "Interest Expense Non Operating": 14265000.0,
        "Interest Income Non Operating": 77000.0,
        "Operating Income": 77526000.0,
        "Operating Expense": 67974000.0,
        "Selling General And Administration": 67974000.0,
        "Gross Profit": 145500000.0,
        "Cost Of Revenue": 649539000.0,
        "Total Revenue": 795039000.0,
        "Operating Revenue": 790143000.0
    },
    "2022-09-30": {
        "Tax Effect Of Unusual Items": 0.0,
        "Tax Rate For Calcs": 0.255,
        "Normalized EBITDA": 52483000.0,
        "Total Unusual Items": 0.0,
        "Total Unusual Items Excluding Goodwill": 0.0,
        "Net Income From Continuing Operation Net Minority Interest": 21855000.0,
        "Reconciled Depreciation": 14165000.0,
        "Reconciled Cost Of Revenue": 540725000.0,
        "EBIT": 38318000.0,
        "Net Interest Income": -12177000.0,
        "Interest Expense": 12270000.0,
        "Interest Income": 93000.0,
        "Normalized Income": 21855000.0,
        "Net Income From Continuing And Discontinued Operation": 21855000.0,
        "Total Expenses": 613098000.0,
        "Total Operating Income As Reported": 37886000.0,
        "Diluted Average Shares": 24939427.0,
        "Basic Average Shares": 24779237.0,
        "Diluted EPS": 0.88,
        "Basic EPS": 0.88,
        "Diluted NI Availto Com Stockholders": 21855000.0,
        "Net Income Common Stockholders": 21855000.0,
        "Net Income": 21855000.0,
        "Minority Interests": 2449000.0,
        "Net Income Including Noncontrolling Interests": 19406000.0,
        "Net Income Continuous Operations": 19406000.0,
        "Tax Provision": 6642000.0,
        "Pretax Income": 26048000.0,
        "Other Income Expense": 339000.0,
        "Other Non Operating Income Expenses": -77000.0,
        "Special Income Charges": 0.0,
        "Restructuring And Mergern Acquisition": 0.0,
        "Earnings From Equity Interest": 416000.0,
        "Net Non Operating Interest Income Expense": -12177000.0,
        "Interest Expense Non Operating": 12270000.0,
        "Interest Income Non Operating": 93000.0,
        "Operating Income": 37886000.0,
        "Operating Expense": 72373000.0,
        "Selling General And Administration": 72373000.0,
        "Gross Profit": 110259000.0,
        "Cost Of Revenue": 540725000.0,
        "Total Revenue": 650984000.0,
        "Operating Revenue": 650004000.0
    },
    "2022-06-30": {
        "Tax Effect Of Unusual Items": 0.0,
        "Tax Rate For Calcs": 0.4,
        "Normalized EBITDA": 27017000.0,
        "Total Unusual Items": 0.0,
        "Total Unusual Items Excluding Goodwill": 0.0,
        "Net Income From Continuing Operation Net Minority Interest": 6830000.0,
        "Reconciled Depreciation": 14129000.0,
        "Reconciled Cost Of Revenue": 350104000.0,
        "EBIT": 12888000.0,
        "Net Interest Income": -6487000.0,
        "Interest Expense": 6724000.0,
        "Interest Income": 237000.0,
        "Normalized Income": 6830000.0,
        "Net Income From Continuing And Discontinued Operation": 6830000.0,
        "Total Expenses": 416556000.0,
        "Total Operating Income As Reported": 13266000.0,
        "Diluted Average Shares": 24935554.0,
        "Basic Average Shares": 24769015.0,
        "Diluted EPS": 0.27,
        "Basic EPS": 0.28,
        "Diluted NI Availto Com Stockholders": 6830000.0,
        "Net Income Common Stockholders": 6830000.0,
        "Net Income": 6830000.0,
        "Minority Interests": 4029000.0,
        "Net Income Including Noncontrolling Interests": 2801000.0,
        "Net Income Continuous Operations": 2801000.0,
        "Tax Provision": 3363000.0,
        "Pretax Income": 6164000.0,
        "Other Income Expense": -615000.0,
        "Other Non Operating Income Expenses": -62000.0,
        "Special Income Charges": 0.0,
        "Restructuring And Mergern Acquisition": 0.0,
        "Earnings From Equity Interest": -553000.0,
        "Net Non Operating Interest Income Expense": -6487000.0,
        "Interest Expense Non Operating": 6724000.0,
        "Interest Income Non Operating": 237000.0,
        "Operating Income": 13266000.0,
        "Operating Expense": 66452000.0,
        "Selling General And Administration": 66452000.0,
        "Gross Profit": 79718000.0,
        "Cost Of Revenue": 350104000.0,
        "Total Revenue": 429822000.0,
        "Operating Revenue": 429122000.0
    },
    "2023-06-30": {
        "Tax Effect Of Unusual Items": 0.0,
        "Tax Rate For Calcs": 0.216,
        "Normalized EBITDA": 23713000.0,
        "Total Unusual Items": NaN,
        "Total Unusual Items Excluding Goodwill": NaN,
        "Net Income From Continuing Operation Net Minority Interest": -2064000.0,
        "Reconciled Depreciation": 14754000.0,
        "Reconciled Cost Of Revenue": 431210000.0,
        "EBIT": 8959000.0,
        "Net Interest Income": -14178000.0,
        "Interest Expense": 15543000.0,
        "Interest Income": 1365000.0,
        "Normalized Income": -2064000.0,
        "Net Income From Continuing And Discontinued Operation": -2064000.0,
        "Total Expenses": 506687000.0,
        "Total Operating Income As Reported": 11035000.0,
        "Diluted Average Shares": 24842171.0,
        "Basic Average Shares": 24842171.0,
        "Diluted EPS": -0.08,
        "Basic EPS": -0.08,
        "Diluted NI Availto Com Stockholders": -2064000.0,
        "Net Income Common Stockholders": -2064000.0,
        "Net Income": -2064000.0,
        "Minority Interests": 3097000.0,
        "Net Income Including Noncontrolling Interests": -5161000.0,
        "Net Income Continuous Operations": -5161000.0,
        "Tax Provision": -1423000.0,
        "Pretax Income": -6584000.0,
        "Other Income Expense": -3441000.0,
        "Other Non Operating Income Expenses": 725000.0,
        "Special Income Charges": NaN,
        "Restructuring And Mergern Acquisition": NaN,
        "Earnings From Equity Interest": -4166000.0,
        "Net Non Operating Interest Income Expense": -14178000.0,
        "Interest Expense Non Operating": 15543000.0,
        "Interest Income Non Operating": 1365000.0,
        "Operating Income": 11035000.0,
        "Operating Expense": 75477000.0,
        "Selling General And Administration": 75477000.0,
        "Gross Profit": 86512000.0,
        "Cost Of Revenue": 431210000.0,
        "Total Revenue": 517722000.0,
        "Operating Revenue": 516370000.0
    },
    "2022-03-31": {
        "Diluted EPS": 1.03,
        "Total Revenue": 647,
        "Gross Profit": 122,
        "Operating Income": 57,
        "EBIT": 71,
        "Net Income": 26
    },
    "2021-12-31": {
        "Diluted EPS": 1.4,
        "Total Revenue": 653,
        "Gross Profit": 131,
        "Operating Income": 63,
        "EBIT": 77,
        "Net Income": 35
    },
    "2021-09-30": {
        "Diluted EPS": 0.78,
        "Total Revenue": 454,
        "Gross Profit": 93,
        "Operating Income": 30,
        "EBIT": 43,
        "Net Income": 20
    },
    "2021-06-30": {
        "Diluted EPS": 0.26,
        "Total Revenue": 350,
        "Gross Profit": 62,
        "Operating Income": 11,
        "EBIT": 23,
        "Net Income": 6
    },
    "2021-03-31": {
        "Diluted EPS": 1.6,
        "Total Revenue": 618,
        "Gross Profit": 124,
        "Operating Income": 63,
        "EBIT": 75,
        "Net Income": 39
    },
    "2020-12-31": {
        "Diluted EPS": 1.34,
        "Total Revenue": 673,
        "Gross Profit": 140,
        "Operating Income": 60,
        "EBIT": 72,
        "Net Income": 33
    },
    "2020-09-30": {
        "Diluted EPS": 0.3,
        "Total Revenue": 377,
        "Gross Profit": 69,
        "Operating Income": 16,
        "EBIT": 27,
        "Net Income": 8
    },
    "2020-06-30": {
        "Diluted EPS": 0.29,
        "Total Revenue": 316,
        "Gross Profit": 54,
        "Operating Income": 9,
        "EBIT": 19,
        "Net Income": 7
    },
    "2020-03-31": {
        "Diluted EPS": 0.63,
        "Total Revenue": 632,
        "Gross Profit": 109,
        "Operating Income": 32,
        "EBIT": 42,
        "Net Income": 16
    },
    "2019-12-31": {
        "Diluted EPS": 1.04,
        "Total Revenue": 505,
        "Gross Profit": 93,
        "Operating Income": 44,
        "EBIT": 53,
        "Net Income": 26
    },
    "2019-09-30": {
        "Diluted EPS": 1.11,
        "Total Revenue": 476,
        "Gross Profit": 96,
        "Operating Income": 43,
        "EBIT": 52,
        "Net Income": 28
    },
    "2019-06-30": {
        "Diluted EPS": 0.08,
        "Total Revenue": 297,
        "Gross Profit": 59,
        "Operating Income": 8,
        "EBIT": 17,
        "Net Income": 2
    },
    "2019-03-31": {
        "Diluted EPS": 1.24,
        "Total Revenue": 672,
        "Gross Profit": 119,
        "Operating Income": 61,
        "EBIT": 70,
        "Net Income": 31
    },
    "2018-12-31": {
        "Diluted EPS": 1.11,
        "Total Revenue": 636,
        "Gross Profit": 115,
        "Operating Income": 38,
        "EBIT": 47,
        "Net Income": 28
    },
    "2018-09-30": {
        "Diluted EPS": 1.24,
        "Total Revenue": 540,
        "Gross Profit": 99,
        "Operating Income": 54,
        "EBIT": 64,
        "Net Income": 31
    },
    "2018-06-30": {
        "Diluted EPS": 0.52,
        "Total Revenue": 380,
        "Gross Profit": 72,
        "Operating Income": 8,
        "EBIT": 17,
        "Net Income": 13
    },
    "2018-03-31": {
        "Diluted EPS": 1.2,
        "Total Revenue": 607,
        "Gross Profit": 116,
        "Operating Income": 60,
        "EBIT": 69,
        "Net Income": 31
    },
    "2017-12-31": {
        "Diluted EPS": 1.78,
        "Total Revenue": 654,
        "Gross Profit": 109,
        "Operating Income": 60,
        "EBIT": 68,
        "Net Income": 45
    },
    "2017-09-30": {
        "Diluted EPS": 1.02,
        "Total Revenue": 488,
        "Gross Profit": 93,
        "Operating Income": 45,
        "EBIT": 53,
        "Net Income": 26
    },
    "2017-06-30": {
        "Diluted EPS": 0.14,
        "Total Revenue": 285,
        "Gross Profit": 54,
        "Operating Income": 6,
        "EBIT": 15,
        "Net Income": 4
    },
    "2017-03-31": {
        "Diluted EPS": -1.54,
        "Total Revenue": 650,
        "Gross Profit": 119,
        "Operating Income": 60,
        "EBIT": 70,
        "Net Income": -41
    },
    "2016-12-31": {
        "Diluted EPS": 1.92,
        "Total Revenue": 669,
        "Gross Profit": 135,
        "Operating Income": 83,
        "EBIT": 92,
        "Net Income": 50
    },
    "2016-09-30": {
        "Diluted EPS": 0.9,
        "Total Revenue": 457,
        "Gross Profit": 88,
        "Operating Income": 43,
        "EBIT": 52,
        "Net Income": 22
    },
    "2016-06-30": {
        "Diluted EPS": -0.4,
        "Total Revenue": 295,
        "Gross Profit": 52,
        "Operating Income": -8,
        "EBIT": 1,
        "Net Income": -9
    },
    "2016-03-31": {
        "Diluted EPS": 1.94,
        "Total Revenue": 804,
        "Gross Profit": 141,
        "Operating Income": 80,
        "EBIT": 90,
        "Net Income": 44
    },
    "2015-12-31": {
        "Diluted EPS": 1.6,
        "Total Revenue": 585,
        "Gross Profit": 120,
        "Operating Income": 69,
        "EBIT": 78,
        "Net Income": 41
    },
    "2015-09-30": {
        "Diluted EPS": 0.81,
        "Total Revenue": 456,
        "Gross Profit": 98,
        "Operating Income": 37,
        "EBIT": 47,
        "Net Income": 19
    },
    "2015-06-30": {
        "Diluted EPS": -0.43,
        "Total Revenue": 275,
        "Gross Profit": 48,
        "Operating Income": -5,
        "EBIT": 4,
        "Net Income": -10
    },
    "2015-03-31": {
        "Diluted EPS": 1.84,
        "Total Revenue": 778,
        "Gross Profit": 122,
        "Operating Income": 61,
        "EBIT": 69,
        "Net Income": 42
    },
    "2014-12-31": {
        "Diluted EPS": 1.87,
        "Total Revenue": 758,
        "Gross Profit": 148,
        "Operating Income": 93,
        "EBIT": 103,
        "Net Income": 49
    },
    "2014-09-30": {
        "Diluted EPS": 0.48,
        "Total Revenue": 464,
        "Gross Profit": 85,
        "Operating Income": 22,
        "EBIT": 31,
        "Net Income": 11
    },
    "2014-06-30": {
        "Diluted EPS": -0.13,
        "Total Revenue": 271,
        "Gross Profit": 56,
        "Operating Income": -8,
        "EBIT": 1,
        "Net Income": -3
    },
    "2014-03-31": {
        "Diluted EPS": 0.94,
        "Total Revenue": 690,
        "Gross Profit": 103,
        "Operating Income": 41,
        "EBIT": 49,
        "Net Income": 23
    },
    "2013-12-31": {
        "Diluted EPS": 1.36,
        "Total Revenue": 768,
        "Gross Profit": 139,
        "Operating Income": 69,
        "EBIT": 79,
        "Net Income": 35
    },
    "2013-09-30": {
        "Diluted EPS": 0.9,
        "Total Revenue": 651,
        "Gross Profit": 119,
        "Operating Income": 50,
        "EBIT": 59,
        "Net Income": 22
    },
    "2013-06-30": {
        "Diluted EPS": 2.05,
        "Total Revenue": 434,
        "Gross Profit": 71,
        "Operating Income": 86,
        "EBIT": 97,
        "Net Income": 55
    },
    "2013-03-31": {
        "Diluted EPS": 0.92,
        "Total Revenue": 645,
        "Gross Profit": 107,
        "Operating Income": 41,
        "EBIT": 52,
        "Net Income": 22
    },
    "2012-12-31": {
        "Diluted EPS": 1.25,
        "Total Revenue": 680,
        "Gross Profit": 125,
        "Operating Income": 65,
        "EBIT": 76,
        "Net Income": 32
    },
    "2012-09-30": {
        "Diluted EPS": 1.68,
        "Total Revenue": 675,
        "Gross Profit": 138,
        "Operating Income": 75,
        "EBIT": 86,
        "Net Income": 44
    },
    "2012-06-30": {
        "Diluted EPS": 0.81,
        "Total Revenue": 461,
        "Gross Profit": 92,
        "Operating Income": 43,
        "EBIT": 54,
        "Net Income": 19
    },
    "2012-03-31": {
        "Diluted EPS": 1.18,
        "Total Revenue": 654,
        "Gross Profit": 111,
        "Operating Income": 42,
        "EBIT": 53,
        "Net Income": 22
    },
    "2011-12-31": {
        "Diluted EPS": 2.06,
        "Total Revenue": 672,
        "Gross Profit": 147,
        "Operating Income": 93,
        "EBIT": 103,
        "Net Income": 55
    },
    "2011-09-30": {
        "Diluted EPS": -0.51,
        "Total Revenue": 641,
        "Gross Profit": 119,
        "Operating Income": 10,
        "EBIT": 21,
        "Net Income": -12
    },
    "2011-06-30": {
        "Diluted EPS": 0.52,
        "Total Revenue": 479,
        "Gross Profit": 94,
        "Operating Income": 36,
        "EBIT": 47,
        "Net Income": 12
    },
    "2011-03-31": {
        "Diluted EPS": 0.95,
        "Total Revenue": 680,
        "Gross Profit": 119,
        "Operating Income": 46,
        "EBIT": 58,
        "Net Income": 23
    },
    "2010-12-31": {
        "Diluted EPS": 1.82,
        "Total Revenue": 688,
        "Gross Profit": 154,
        "Operating Income": 88,
        "EBIT": 99,
        "Net Income": 49
    },
    "2010-09-30": {
        "Diluted EPS": 1.78,
        "Total Revenue": 664,
        "Gross Profit": 133,
        "Operating Income": 80,
        "EBIT": 91,
        "Net Income": 48
    },
    "2010-06-30": {
        "Diluted EPS": 0.87,
        "Total Revenue": 539,
        "Gross Profit": 102,
        "Operating Income": 41,
        "EBIT": 52,
        "Net Income": 22
    },
    "2010-03-31": {
        "Diluted EPS": 0.9,
        "Total Revenue": 567,
        "Gross Profit": 111,
        "Operating Income": 43,
        "EBIT": 53,
        "Net Income": 23
    },
    "2009-12-31": {
        "Diluted EPS": 1.54,
        "Total Revenue": 661,
        "Gross Profit": 145,
        "Operating Income": 69,
        "EBIT": 80,
        "Net Income": 42
    },
    "2009-09-30": {
        "Diluted EPS": 1.77,
        "Total Revenue": 648,
        "Gross Profit": 147,
        "Operating Income": 76,
        "EBIT": 87,
        "Net Income": 49
    },
    "2009-06-30": {
        "Diluted EPS": 1.47,
        "Total Revenue": 616,
        "Gross Profit": 139,
        "Operating Income": 70,
        "EBIT": 80,
        "Net Income": 40
    },
    "2009-03-31": {
        "Diluted EPS": 0.52,
        "Total Revenue": 564,
        "Gross Profit": 95,
        "Operating Income": 23,
        "EBIT": 33,
        "Net Income": 12
    }
}