{
    "2023-03-31": {
        "Tax Effect Of Unusual Items": NaN,
        "Tax Rate For Calcs": NaN,
        "Net Income From Continuing Operation Net Minority Interest": NaN,
        "Reconciled Depreciation": NaN,
        "Net Interest Income": NaN,
        "Interest Expense": NaN,
        "Interest Income": NaN,
        "Normalized Income": NaN,
        "Net Income From Continuing And Discontinued Operation": NaN,
        "Diluted Average Shares": 92920794.0,
        "Basic Average Shares": 92920794.0,
        "Diluted EPS": -0.13,
        "Basic EPS": -0.13,
        "Diluted NI Availto Com Stockholders": NaN,
        "Average Dilution Earnings": NaN,
        "Net Income Common Stockholders": NaN,
        "Net Income": NaN,
        "Minority Interests": NaN,
        "Net Income Including Noncontrolling Interests": NaN,
        "Net Income Continuous Operations": NaN,
        "Tax Provision": NaN,
        "Pretax Income": NaN,
        "Depreciation Amortization Depletion Income Statement": NaN,
        "Depreciation And Amortization In Income Statement": NaN,
        "Selling General And Administration": NaN,
        "Selling And Marketing Expense": NaN,
        "General And Administrative Expense": NaN,
        "Other Gand A": NaN,
        "Salaries And Wages": NaN,
        "Total Revenue": NaN,
        "Operating Revenue": NaN,
        "Other Non Interest Expense": NaN
    },
    "2022-12-31": {
        "Tax Effect Of Unusual Items": NaN,
        "Tax Rate For Calcs": NaN,
        "Total Unusual Items": 0.0,
        "Total Unusual Items Excluding Goodwill": 0.0,
        "Net Income From Continuing Operation Net Minority Interest": NaN,
        "Reconciled Depreciation": NaN,
        "Net Interest Income": NaN,
        "Interest Expense": NaN,
        "Interest Income": NaN,
        "Normalized Income": NaN,
        "Net Income From Continuing And Discontinued Operation": NaN,
        "Diluted Average Shares": NaN,
        "Basic Average Shares": NaN,
        "Diluted EPS": NaN,
        "Basic EPS": NaN,
        "Diluted NI Availto Com Stockholders": NaN,
        "Average Dilution Earnings": NaN,
        "Net Income Common Stockholders": NaN,
        "Net Income": NaN,
        "Minority Interests": NaN,
        "Net Income Including Noncontrolling Interests": NaN,
        "Net Income Continuous Operations": NaN,
        "Tax Provision": NaN,
        "Pretax Income": NaN,
        "Depreciation Amortization Depletion Income Statement": NaN,
        "Depreciation And Amortization In Income Statement": NaN,
        "Selling General And Administration": NaN,
        "Selling And Marketing Expense": NaN,
        "General And Administrative Expense": NaN,
        "Other Gand A": NaN,
        "Salaries And Wages": NaN,
        "Total Revenue": NaN,
        "Operating Revenue": NaN,
        "Other Non Interest Expense": NaN
    },
    "2022-09-30": {
        "Tax Effect Of Unusual Items": NaN,
        "Tax Rate For Calcs": NaN,
        "Total Unusual Items": 0.0,
        "Total Unusual Items Excluding Goodwill": 0.0,
        "Net Income From Continuing Operation Net Minority Interest": NaN,
        "Reconciled Depreciation": NaN,
        "Net Interest Income": NaN,
        "Interest Expense": NaN,
        "Interest Income": NaN,
        "Normalized Income": NaN,
        "Net Income From Continuing And Discontinued Operation": NaN,
        "Diluted Average Shares": NaN,
        "Basic Average Shares": NaN,
        "Diluted EPS": NaN,
        "Basic EPS": NaN,
        "Diluted NI Availto Com Stockholders": NaN,
        "Average Dilution Earnings": NaN,
        "Net Income Common Stockholders": NaN,
        "Net Income": NaN,
        "Minority Interests": NaN,
        "Net Income Including Noncontrolling Interests": NaN,
        "Net Income Continuous Operations": NaN,
        "Tax Provision": NaN,
        "Pretax Income": NaN,
        "Depreciation Amortization Depletion Income Statement": NaN,
        "Depreciation And Amortization In Income Statement": NaN,
        "Selling General And Administration": NaN,
        "Selling And Marketing Expense": NaN,
        "General And Administrative Expense": NaN,
        "Other Gand A": NaN,
        "Salaries And Wages": NaN,
        "Total Revenue": NaN,
        "Operating Revenue": NaN
    },
    "2022-06-30": {
        "Tax Effect Of Unusual Items": 0.0,
        "Tax Rate For Calcs": 0.003557,
        "Total Unusual Items": 0.0,
        "Total Unusual Items Excluding Goodwill": 0.0,
        "Net Income From Continuing Operation Net Minority Interest": 8366000.0,
        "Reconciled Depreciation": 11181000.0,
        "Net Interest Income": 4461000.0,
        "Interest Expense": 57559000.0,
        "Interest Income": 62020000.0,
        "Normalized Income": 8366000.0,
        "Net Income From Continuing And Discontinued Operation": 8366000.0,
        "Diluted Average Shares": 92533620.0,
        "Basic Average Shares": 92533620.0,
        "Diluted EPS": 0.09,
        "Basic EPS": 0.09,
        "Diluted NI Availto Com Stockholders": 8366000.0,
        "Net Income Common Stockholders": 8366000.0,
        "Net Income": 8366000.0,
        "Minority Interests": -207079000.0,
        "Net Income Including Noncontrolling Interests": 215445000.0,
        "Net Income Continuous Operations": 215445000.0,
        "Tax Provision": 769000.0,
        "Pretax Income": 216214000.0,
        "Depreciation Amortization Depletion Income Statement": 11181000.0,
        "Depreciation And Amortization In Income Statement": 11181000.0,
        "Selling General And Administration": 199517000.0,
        "Selling And Marketing Expense": 20625000.0,
        "General And Administrative Expense": 178892000.0,
        "Other Gand A": 39909000.0,
        "Salaries And Wages": 138983000.0,
        "Total Revenue": 436474000.0,
        "Operating Revenue": 436474000.0
    },
    "2022-03-31": {
        "Diluted EPS": 0.22,
        "Total Revenue": 822,
        "Gross Profit": 748,
        "Operating Income": 525,
        "EBIT": 537,
        "Net Income": 22
    },
    "2021-12-31": {
        "Diluted EPS": 0.1,
        "Total Revenue": 605,
        "Gross Profit": 544,
        "Operating Income": 325,
        "EBIT": 336,
        "Net Income": 17
    },
    "2021-09-30": {
        "Diluted EPS": 0.16,
        "Total Revenue": 690,
        "Gross Profit": 642,
        "Operating Income": 415,
        "EBIT": 425,
        "Net Income": 25
    },
    "2021-06-30": {
        "Diluted EPS": 0.07,
        "Total Revenue": 485,
        "Gross Profit": 446,
        "Operating Income": 211,
        "EBIT": 220,
        "Net Income": 8
    },
    "2021-03-31": {
        "Diluted EPS": 0.33,
        "Total Revenue": NaN,
        "Gross Profit": NaN,
        "Operating Income": 909,
        "EBIT": 917,
        "Net Income": 48
    },
    "2020-12-31": {
        "Diluted EPS": 0.0,
        "Total Revenue": NaN,
        "Gross Profit": NaN,
        "Operating Income": NaN,
        "EBIT": NaN,
        "Net Income": NaN
    },
    "2020-09-30": {
        "Diluted EPS": 0.0,
        "Total Revenue": NaN,
        "Gross Profit": NaN,
        "Operating Income": NaN,
        "EBIT": NaN,
        "Net Income": NaN
    },
    "2020-06-30": {
        "Diluted EPS": 0.0,
        "Total Revenue": 831,
        "Gross Profit": 807,
        "Operating Income": 570,
        "EBIT": 670,
        "Net Income": 539
    },
    "2020-03-31": {
        "Diluted EPS": 0.0,
        "Total Revenue": 455,
        "Gross Profit": 430,
        "Operating Income": 63,
        "EBIT": 143,
        "Net Income": 20
    },
    "2019-12-31": {
        "Diluted EPS": 0.0,
        "Total Revenue": NaN,
        "Gross Profit": NaN,
        "Operating Income": NaN,
        "EBIT": NaN,
        "Net Income": NaN
    },
    "2019-09-30": {
        "Diluted EPS": -0.0,
        "Total Revenue": NaN,
        "Gross Profit": NaN,
        "Operating Income": 0,
        "EBIT": 0,
        "Net Income": 0
    },
    "2023-06-30": {
        "Tax Effect Of Unusual Items": NaN,
        "Tax Rate For Calcs": NaN,
        "Net Income From Continuing Operation Net Minority Interest": NaN,
        "Reconciled Depreciation": NaN,
        "Net Interest Income": NaN,
        "Interest Expense": NaN,
        "Interest Income": NaN,
        "Normalized Income": NaN,
        "Net Income From Continuing And Discontinued Operation": NaN,
        "Diluted Average Shares": 93107133.0,
        "Basic Average Shares": 93107133.0,
        "Diluted EPS": 0.08,
        "Basic EPS": 0.08,
        "Diluted NI Availto Com Stockholders": NaN,
        "Average Dilution Earnings": NaN,
        "Net Income Common Stockholders": NaN,
        "Net Income": NaN,
        "Minority Interests": NaN,
        "Net Income Including Noncontrolling Interests": NaN,
        "Net Income Continuous Operations": NaN,
        "Tax Provision": NaN,
        "Pretax Income": NaN,
        "Gain On Sale Of Security": NaN,
        "Depreciation Amortization Depletion Income Statement": NaN,
        "Depreciation And Amortization In Income Statement": NaN,
        "Selling General And Administration": NaN,
        "Selling And Marketing Expense": NaN,
        "General And Administrative Expense": NaN,
        "Other Gand A": NaN,
        "Salaries And Wages": NaN,
        "Total Revenue": NaN,
        "Operating Revenue": NaN,
        "Other Non Interest Expense": NaN
    },
    "2023-09-30": {
        "Tax Effect Of Unusual Items": 0.0,
        "Tax Rate For Calcs": 0.0024,
        "Net Income From Continuing Operation Net Minority Interest": 18231000.0,
        "Reconciled Depreciation": 12791000.0,
        "Net Interest Income": 1125000.0,
        "Interest Expense": 93724000.0,
        "Interest Income": 94849000.0,
        "Normalized Income": 18231000.0,
        "Net Income From Continuing And Discontinued Operation": 18231000.0,
        "Diluted Average Shares": 1596624780.0,
        "Basic Average Shares": 93290736.0,
        "Diluted EPS": 0.15,
        "Basic EPS": 0.2,
        "Diluted NI Availto Com Stockholders": 18231000.0,
        "Average Dilution Earnings": NaN,
        "Net Income Common Stockholders": 18231000.0,
        "Net Income": 18231000.0,
        "Minority Interests": -282762000.0,
        "Net Income Including Noncontrolling Interests": 300993000.0,
        "Net Income Continuous Operations": 300993000.0,
        "Tax Provision": 734000.0,
        "Pretax Income": 301727000.0,
        "Gain On Sale Of Security": 0.0,
        "Depreciation Amortization Depletion Income Statement": 11563000.0,
        "Depreciation And Amortization In Income Statement": 11563000.0,
        "Selling General And Administration": 200354000.0,
        "Selling And Marketing Expense": 20117000.0,
        "General And Administrative Expense": 180237000.0,
        "Other Gand A": 44904000.0,
        "Salaries And Wages": 135333000.0,
        "Total Revenue": 525749000.0,
        "Operating Revenue": 525749000.0,
        "Other Non Interest Expense": -76000.0
    },
    "2023-12-31": {
        "Tax Effect Of Unusual Items": 0.0,
        "Tax Rate For Calcs": 0.015909,
        "Net Income From Continuing Operation Net Minority Interest": -27078000.0,
        "Reconciled Depreciation": 12438000.0,
        "Net Interest Income": 7090000.0,
        "Interest Expense": 80811000.0,
        "Interest Income": 87901000.0,
        "Normalized Income": -27078000.0,
        "Net Income From Continuing And Discontinued Operation": -27078000.0,
        "Diluted Average Shares": NaN,
        "Basic Average Shares": NaN,
        "Diluted EPS": NaN,
        "Basic EPS": NaN,
        "Diluted NI Availto Com Stockholders": -27078000.0,
        "Average Dilution Earnings": NaN,
        "Net Income Common Stockholders": -27078000.0,
        "Net Income": -27078000.0,
        "Minority Interests": 433878000.0,
        "Net Income Including Noncontrolling Interests": -460956000.0,
        "Net Income Continuous Operations": -460956000.0,
        "Tax Provision": -7452000.0,
        "Pretax Income": -468408000.0,
        "Gain On Sale Of Security": NaN,
        "Depreciation Amortization Depletion Income Statement": 11472000.0,
        "Depreciation And Amortization In Income Statement": 11472000.0,
        "Selling General And Administration": 206324000.0,
        "Selling And Marketing Expense": 25600000.0,
        "General And Administrative Expense": 180724000.0,
        "Other Gand A": 38209000.0,
        "Salaries And Wages": 142515000.0,
        "Total Revenue": -243138000.0,
        "Operating Revenue": -243138000.0,
        "Other Non Interest Expense": -2391000.0
    },
    "2024-03-31": {
        "Tax Effect Of Unusual Items": 0.0,
        "Tax Rate For Calcs": 0.0203,
        "Net Income From Continuing Operation Net Minority Interest": 8730000.0,
        "Reconciled Depreciation": 12323000.0,
        "Net Interest Income": 3195000.0,
        "Interest Expense": 98668000.0,
        "Interest Income": 101863000.0,
        "Normalized Income": 8730000.0,
        "Net Income From Continuing And Discontinued Operation": 8730000.0,
        "Diluted Average Shares": 1598647205.0,
        "Basic Average Shares": 94365991.0,
        "Diluted EPS": 0.09,
        "Basic EPS": 0.09,
        "Diluted NI Availto Com Stockholders": 142860000.0,
        "Average Dilution Earnings": 134130000.0,
        "Net Income Common Stockholders": 8730000.0,
        "Net Income": 8730000.0,
        "Minority Interests": -171801000.0,
        "Net Income Including Noncontrolling Interests": 180531000.0,
        "Net Income Continuous Operations": 180531000.0,
        "Tax Provision": 3733000.0,
        "Pretax Income": 184264000.0,
        "Gain On Sale Of Security": NaN,
        "Depreciation Amortization Depletion Income Statement": 11340000.0,
        "Depreciation And Amortization In Income Statement": 11340000.0,
        "Selling General And Administration": 214161000.0,
        "Selling And Marketing Expense": 19111000.0,
        "General And Administrative Expense": 195050000.0,
        "Other Gand A": 40809000.0,
        "Salaries And Wages": 154241000.0,
        "Total Revenue": 419990000.0,
        "Operating Revenue": 419990000.0,
        "Other Non Interest Expense": -237000.0
    },
    "2024-06-30": {
        "Tax Effect Of Unusual Items": 0.0,
        "Tax Rate For Calcs": 0.0102,
        "Net Income From Continuing Operation Net Minority Interest": 3050000.0,
        "Reconciled Depreciation": 11672000.0,
        "Net Interest Income": 12743000.0,
        "Interest Expense": 108651000.0,
        "Interest Income": 121394000.0,
        "Normalized Income": 3050000.0,
        "Net Income From Continuing And Discontinued Operation": 3050000.0,
        "Diluted Average Shares": 95387609.0,
        "Basic Average Shares": 95387609.0,
        "Diluted EPS": 0.03,
        "Basic EPS": 0.03,
        "Diluted NI Availto Com Stockholders": 3050000.0,
        "Average Dilution Earnings": NaN,
        "Net Income Common Stockholders": 3050000.0,
        "Net Income": 3050000.0,
        "Minority Interests": -73236000.0,
        "Net Income Including Noncontrolling Interests": 76286000.0,
        "Net Income Continuous Operations": 76286000.0,
        "Tax Provision": 786000.0,
        "Pretax Income": 77072000.0,
        "Gain On Sale Of Security": NaN,
        "Depreciation Amortization Depletion Income Statement": 11404000.0,
        "Depreciation And Amortization In Income Statement": 11404000.0,
        "Selling General And Administration": 239800000.0,
        "Selling And Marketing Expense": 24438000.0,
        "General And Administrative Expense": 215362000.0,
        "Other Gand A": 55051000.0,
        "Salaries And Wages": 160311000.0,
        "Total Revenue": 340565000.0,
        "Operating Revenue": 340565000.0,
        "Other Non Interest Expense": -1105000.0
    },
    "2024-09-30": {
        "Tax Effect Of Unusual Items": 0.0,
        "Tax Rate For Calcs": 0.0107,
        "Net Income From Continuing Operation Net Minority Interest": -6295000.0,
        "Reconciled Depreciation": 12620000.0,
        "Net Interest Income": 4195000.0,
        "Interest Expense": 141102000.0,
        "Interest Income": 145297000.0,
        "Normalized Income": -6295000.0,
        "Net Income From Continuing And Discontinued Operation": -6295000.0,
        "Diluted Average Shares": 99801301.0,
        "Basic Average Shares": 99801301.0,
        "Diluted EPS": -0.06,
        "Basic EPS": -0.06,
        "Diluted NI Availto Com Stockholders": -6295000.0,
        "Average Dilution Earnings": NaN,
        "Net Income Common Stockholders": -6295000.0,
        "Net Income": -6295000.0,
        "Minority Interests": -38240000.0,
        "Net Income Including Noncontrolling Interests": 31945000.0,
        "Net Income Continuous Operations": 31945000.0,
        "Tax Provision": 344000.0,
        "Pretax Income": 32289000.0,
        "Gain On Sale Of Security": 226936000.0,
        "Depreciation Amortization Depletion Income Statement": 11636000.0,
        "Depreciation And Amortization In Income Statement": 11636000.0,
        "Selling General And Administration": 257579000.0,
        "Selling And Marketing Expense": 22462000.0,
        "General And Administrative Expense": 235117000.0,
        "Other Gand A": 53664000.0,
        "Salaries And Wages": 181453000.0,
        "Total Revenue": 318254000.0,
        "Operating Revenue": 318254000.0,
        "Other Non Interest Expense": 421000.0
    }
}