{
    "2023-03-31": {
        "Tax Effect Of Unusual Items": NaN,
        "Tax Rate For Calcs": NaN,
        "Normalized EBITDA": NaN,
        "Total Unusual Items": NaN,
        "Total Unusual Items Excluding Goodwill": NaN,
        "Net Income From Continuing Operation Net Minority Interest": NaN,
        "Reconciled Depreciation": NaN,
        "Reconciled Cost Of Revenue": NaN,
        "EBITDA": NaN,
        "EBIT": NaN,
        "Net Interest Income": NaN,
        "Interest Expense": NaN,
        "Normalized Income": NaN,
        "Net Income From Continuing And Discontinued Operation": NaN,
        "Total Expenses": NaN,
        "Rent Expense Supplemental": NaN,
        "Diluted Average Shares": NaN,
        "Basic Average Shares": NaN,
        "Diluted EPS": NaN,
        "Basic EPS": NaN,
        "Diluted NI Availto Com Stockholders": NaN,
        "Average Dilution Earnings": 4000000.0,
        "Net Income Common Stockholders": NaN,
        "Net Income": NaN,
        "Minority Interests": NaN,
        "Net Income Including Noncontrolling Interests": NaN,
        "Net Income Continuous Operations": NaN,
        "Tax Provision": NaN,
        "Pretax Income": NaN,
        "Other Income Expense": NaN,
        "Other Non Operating Income Expenses": NaN,
        "Special Income Charges": NaN,
        "Other Special Charges": NaN,
        "Write Off": NaN,
        "Impairment Of Capital Assets": 4000000.0,
        "Restructuring And Mergern Acquisition": NaN,
        "Net Non Operating Interest Income Expense": NaN,
        "Interest Expense Non Operating": NaN,
        "Operating Income": NaN,
        "Operating Expense": NaN,
        "Depreciation Amortization Depletion Income Statement": NaN,
        "Depreciation And Amortization In Income Statement": NaN,
        "Selling General And Administration": NaN,
        "Selling And Marketing Expense": NaN,
        "General And Administrative Expense": NaN,
        "Other Gand A": NaN,
        "Gross Profit": NaN,
        "Cost Of Revenue": NaN,
        "Total Revenue": NaN,
        "Operating Revenue": NaN
    },
    "2022-12-31": {
        "Tax Effect Of Unusual Items": NaN,
        "Tax Rate For Calcs": NaN,
        "Normalized EBITDA": NaN,
        "Total Unusual Items": NaN,
        "Total Unusual Items Excluding Goodwill": NaN,
        "Net Income From Continuing Operation Net Minority Interest": NaN,
        "Reconciled Depreciation": NaN,
        "Reconciled Cost Of Revenue": NaN,
        "EBITDA": NaN,
        "EBIT": NaN,
        "Net Interest Income": NaN,
        "Interest Expense": NaN,
        "Normalized Income": NaN,
        "Net Income From Continuing And Discontinued Operation": NaN,
        "Total Expenses": NaN,
        "Rent Expense Supplemental": NaN,
        "Diluted Average Shares": NaN,
        "Basic Average Shares": NaN,
        "Diluted EPS": NaN,
        "Basic EPS": NaN,
        "Diluted NI Availto Com Stockholders": NaN,
        "Average Dilution Earnings": NaN,
        "Net Income Common Stockholders": NaN,
        "Net Income": NaN,
        "Minority Interests": NaN,
        "Net Income Including Noncontrolling Interests": NaN,
        "Net Income Continuous Operations": NaN,
        "Tax Provision": NaN,
        "Pretax Income": NaN,
        "Other Income Expense": NaN,
        "Other Non Operating Income Expenses": NaN,
        "Special Income Charges": NaN,
        "Other Special Charges": NaN,
        "Write Off": NaN,
        "Impairment Of Capital Assets": 1000000.0,
        "Restructuring And Mergern Acquisition": NaN,
        "Net Non Operating Interest Income Expense": NaN,
        "Interest Expense Non Operating": NaN,
        "Operating Income": NaN,
        "Operating Expense": NaN,
        "Depreciation Amortization Depletion Income Statement": NaN,
        "Depreciation And Amortization In Income Statement": NaN,
        "Selling General And Administration": NaN,
        "Selling And Marketing Expense": NaN,
        "General And Administrative Expense": NaN,
        "Other Gand A": NaN,
        "Gross Profit": NaN,
        "Cost Of Revenue": NaN,
        "Total Revenue": NaN,
        "Operating Revenue": NaN
    },
    "2022-09-30": {
        "Tax Effect Of Unusual Items": NaN,
        "Tax Rate For Calcs": NaN,
        "Normalized EBITDA": NaN,
        "Total Unusual Items": NaN,
        "Total Unusual Items Excluding Goodwill": NaN,
        "Net Income From Continuing Operation Net Minority Interest": NaN,
        "Reconciled Depreciation": NaN,
        "Reconciled Cost Of Revenue": NaN,
        "EBITDA": NaN,
        "EBIT": NaN,
        "Net Interest Income": NaN,
        "Interest Expense": NaN,
        "Normalized Income": NaN,
        "Net Income From Continuing And Discontinued Operation": NaN,
        "Total Expenses": NaN,
        "Rent Expense Supplemental": NaN,
        "Diluted Average Shares": NaN,
        "Basic Average Shares": NaN,
        "Diluted EPS": NaN,
        "Basic EPS": NaN,
        "Diluted NI Availto Com Stockholders": NaN,
        "Average Dilution Earnings": 1000000.0,
        "Net Income Common Stockholders": NaN,
        "Net Income": NaN,
        "Minority Interests": NaN,
        "Net Income Including Noncontrolling Interests": NaN,
        "Net Income Continuous Operations": NaN,
        "Tax Provision": NaN,
        "Pretax Income": NaN,
        "Other Income Expense": NaN,
        "Other Non Operating Income Expenses": NaN,
        "Special Income Charges": NaN,
        "Other Special Charges": NaN,
        "Write Off": NaN,
        "Impairment Of Capital Assets": 1000000.0,
        "Restructuring And Mergern Acquisition": NaN,
        "Net Non Operating Interest Income Expense": NaN,
        "Interest Expense Non Operating": NaN,
        "Operating Income": NaN,
        "Operating Expense": NaN,
        "Depreciation Amortization Depletion Income Statement": NaN,
        "Depreciation And Amortization In Income Statement": NaN,
        "Selling General And Administration": NaN,
        "Selling And Marketing Expense": NaN,
        "General And Administrative Expense": NaN,
        "Other Gand A": NaN,
        "Gross Profit": NaN,
        "Cost Of Revenue": NaN,
        "Total Revenue": NaN,
        "Operating Revenue": NaN
    },
    "2022-06-30": {
        "Tax Effect Of Unusual Items": -9421348.314607,
        "Tax Rate For Calcs": 0.241573,
        "Normalized EBITDA": 279000000.0,
        "Total Unusual Items": -39000000.0,
        "Total Unusual Items Excluding Goodwill": -39000000.0,
        "Net Income From Continuing Operation Net Minority Interest": 136000000.0,
        "Reconciled Depreciation": 32000000.0,
        "Reconciled Cost Of Revenue": 645000000.0,
        "EBITDA": 240000000.0,
        "EBIT": 208000000.0,
        "Net Interest Income": -30000000.0,
        "Interest Expense": 30000000.0,
        "Normalized Income": 165578651.685393,
        "Net Income From Continuing And Discontinued Operation": 136000000.0,
        "Total Expenses": 955000000.0,
        "Rent Expense Supplemental": NaN,
        "Diluted Average Shares": 46500000.0,
        "Basic Average Shares": 41300000.0,
        "Diluted EPS": 2.97,
        "Basic EPS": 3.3,
        "Diluted NI Availto Com Stockholders": 136000000.0,
        "Average Dilution Earnings": 2000000.0,
        "Net Income Common Stockholders": 136000000.0,
        "Net Income": 136000000.0,
        "Minority Interests": 1000000.0,
        "Net Income Including Noncontrolling Interests": 135000000.0,
        "Net Income Continuous Operations": 135000000.0,
        "Tax Provision": 43000000.0,
        "Pretax Income": 178000000.0,
        "Other Income Expense": -1000000.0,
        "Other Non Operating Income Expenses": 38000000.0,
        "Special Income Charges": -39000000.0,
        "Other Special Charges": 2000000.0,
        "Write Off": NaN,
        "Impairment Of Capital Assets": 0.0,
        "Restructuring And Mergern Acquisition": 37000000.0,
        "Net Non Operating Interest Income Expense": -30000000.0,
        "Interest Expense Non Operating": 30000000.0,
        "Operating Income": 209000000.0,
        "Operating Expense": 310000000.0,
        "Depreciation Amortization Depletion Income Statement": 32000000.0,
        "Depreciation And Amortization In Income Statement": 32000000.0,
        "Selling General And Administration": 278000000.0,
        "Selling And Marketing Expense": 214000000.0,
        "General And Administrative Expense": 64000000.0,
        "Other Gand A": 64000000.0,
        "Gross Profit": 519000000.0,
        "Cost Of Revenue": 645000000.0,
        "Total Revenue": 1164000000.0,
        "Operating Revenue": 840000000.0
    },
    "2023-06-30": {
        "Tax Effect Of Unusual Items": -4248000.0,
        "Tax Rate For Calcs": 0.354,
        "Normalized EBITDA": 222000000.0,
        "Total Unusual Items": -12000000.0,
        "Total Unusual Items Excluding Goodwill": -12000000.0,
        "Net Income From Continuing Operation Net Minority Interest": 90000000.0,
        "Reconciled Depreciation": 34000000.0,
        "Reconciled Cost Of Revenue": 697000000.0,
        "EBITDA": 210000000.0,
        "EBIT": 176000000.0,
        "Net Interest Income": -36000000.0,
        "Interest Expense": 36000000.0,
        "Normalized Income": 97752000.0,
        "Net Income From Continuing And Discontinued Operation": 90000000.0,
        "Total Expenses": 1001000000.0,
        "Rent Expense Supplemental": 112000000.0,
        "Diluted Average Shares": 43800000.0,
        "Basic Average Shares": 36900000.0,
        "Diluted EPS": 2.17,
        "Basic EPS": 2.46,
        "Diluted NI Availto Com Stockholders": 95000000.0,
        "Average Dilution Earnings": 5000000.0,
        "Net Income Common Stockholders": 90000000.0,
        "Net Income": 90000000.0,
        "Minority Interests": 0.0,
        "Net Income Including Noncontrolling Interests": 90000000.0,
        "Net Income Continuous Operations": 90000000.0,
        "Tax Provision": 50000000.0,
        "Pretax Income": 140000000.0,
        "Other Income Expense": -1000000.0,
        "Other Non Operating Income Expenses": 11000000.0,
        "Special Income Charges": -12000000.0,
        "Other Special Charges": 2000000.0,
        "Write Off": 0.0,
        "Impairment Of Capital Assets": NaN,
        "Restructuring And Mergern Acquisition": 10000000.0,
        "Net Non Operating Interest Income Expense": -36000000.0,
        "Interest Expense Non Operating": 36000000.0,
        "Operating Income": 177000000.0,
        "Operating Expense": 304000000.0,
        "Depreciation Amortization Depletion Income Statement": 34000000.0,
        "Depreciation And Amortization In Income Statement": 34000000.0,
        "Selling General And Administration": 270000000.0,
        "Selling And Marketing Expense": 206000000.0,
        "General And Administrative Expense": 64000000.0,
        "Other Gand A": 64000000.0,
        "Gross Profit": 481000000.0,
        "Cost Of Revenue": 697000000.0,
        "Total Revenue": 1178000000.0,
        "Operating Revenue": 823000000.0
    },
    "2022-03-31": {
        "Diluted EPS": 1.23,
        "Total Revenue": NaN,
        "Gross Profit": 904,
        "Operating Income": 141,
        "EBIT": 179,
        "Net Income": 58
    },
    "2021-12-31": {
        "Diluted EPS": 1.43,
        "Total Revenue": NaN,
        "Gross Profit": 960,
        "Operating Income": 165,
        "EBIT": 214,
        "Net Income": 61
    },
    "2021-09-30": {
        "Diluted EPS": 0.23,
        "Total Revenue": NaN,
        "Gross Profit": 914,
        "Operating Income": 156,
        "EBIT": 210,
        "Net Income": 10
    },
    "2021-06-30": {
        "Diluted EPS": 0.15,
        "Total Revenue": 979,
        "Gross Profit": 853,
        "Operating Income": 109,
        "EBIT": 156,
        "Net Income": 6
    },
    "2021-03-31": {
        "Diluted EPS": -0.68,
        "Total Revenue": 759,
        "Gross Profit": 642,
        "Operating Income": 20,
        "EBIT": 72,
        "Net Income": -28
    },
    "2020-12-31": {
        "Diluted EPS": -0.9,
        "Total Revenue": 747,
        "Gross Profit": 675,
        "Operating Income": 17,
        "EBIT": 53,
        "Net Income": -37
    },
    "2020-09-30": {
        "Diluted EPS": -1.51,
        "Total Revenue": 649,
        "Gross Profit": 543,
        "Operating Income": -24,
        "EBIT": 12,
        "Net Income": -62
    },
    "2020-06-30": {
        "Diluted EPS": -1.68,
        "Total Revenue": 480,
        "Gross Profit": 372,
        "Operating Income": -41,
        "EBIT": -5,
        "Net Income": -70
    },
    "2020-03-31": {
        "Diluted EPS": -2.56,
        "Total Revenue": NaN,
        "Gross Profit": 821,
        "Operating Income": -50,
        "EBIT": -13,
        "Net Income": -106
    },
    "2019-12-31": {
        "Diluted EPS": 1.69,
        "Total Revenue": NaN,
        "Gross Profit": 892,
        "Operating Income": 154,
        "EBIT": 194,
        "Net Income": 74
    },
    "2019-09-30": {
        "Diluted EPS": -0.21,
        "Total Revenue": NaN,
        "Gross Profit": 930,
        "Operating Income": 70,
        "EBIT": 108,
        "Net Income": -9
    },
    "2019-06-30": {
        "Diluted EPS": 1.1,
        "Total Revenue": NaN,
        "Gross Profit": 920,
        "Operating Income": 143,
        "EBIT": 183,
        "Net Income": 49
    },
    "2019-03-31": {
        "Diluted EPS": 0.51,
        "Total Revenue": NaN,
        "Gross Profit": 879,
        "Operating Income": 91,
        "EBIT": 133,
        "Net Income": 24
    },
    "2018-12-31": {
        "Diluted EPS": 0.98,
        "Total Revenue": NaN,
        "Gross Profit": 963,
        "Operating Income": 113,
        "EBIT": 150,
        "Net Income": 44
    },
    "2018-09-30": {
        "Diluted EPS": -1.08,
        "Total Revenue": 750,
        "Gross Profit": 666,
        "Operating Income": 52,
        "EBIT": 74,
        "Net Income": -36
    },
    "2018-06-30": {
        "Diluted EPS": 0.39,
        "Total Revenue": 595,
        "Gross Profit": 556,
        "Operating Income": 49,
        "EBIT": 58,
        "Net Income": 11
    },
    "2018-03-31": {
        "Diluted EPS": 1.32,
        "Total Revenue": 571,
        "Gross Profit": 524,
        "Operating Income": 53,
        "EBIT": 63,
        "Net Income": 36
    },
    "2017-12-31": {
        "Diluted EPS": 4.32,
        "Total Revenue": 562,
        "Gross Profit": 549,
        "Operating Income": 70,
        "EBIT": 79,
        "Net Income": 119
    },
    "2017-09-30": {
        "Diluted EPS": 1.45,
        "Total Revenue": 530,
        "Gross Profit": 481,
        "Operating Income": 58,
        "EBIT": 67,
        "Net Income": 40
    },
    "2017-06-30": {
        "Diluted EPS": 1.72,
        "Total Revenue": 562,
        "Gross Profit": 520,
        "Operating Income": 73,
        "EBIT": 85,
        "Net Income": 48
    },
    "2017-03-31": {
        "Diluted EPS": 1.0,
        "Total Revenue": 528,
        "Gross Profit": 487,
        "Operating Income": 45,
        "EBIT": 58,
        "Net Income": 28
    },
    "2016-12-31": {
        "Diluted EPS": 1.24,
        "Total Revenue": 756,
        "Gross Profit": 700,
        "Operating Income": 58,
        "EBIT": 66,
        "Net Income": 34
    },
    "2016-09-30": {
        "Diluted EPS": 0.97,
        "Total Revenue": 402,
        "Gross Profit": 357,
        "Operating Income": 43,
        "EBIT": 54,
        "Net Income": 27
    },
    "2016-06-30": {
        "Diluted EPS": 1.26,
        "Total Revenue": 423,
        "Gross Profit": 377,
        "Operating Income": 54,
        "EBIT": 66,
        "Net Income": 36
    },
    "2016-03-31": {
        "Diluted EPS": 0.82,
        "Total Revenue": 419,
        "Gross Profit": 375,
        "Operating Income": 45,
        "EBIT": 56,
        "Net Income": 24
    },
    "2015-12-31": {
        "Diluted EPS": 1.07,
        "Total Revenue": 526,
        "Gross Profit": 476,
        "Operating Income": 61,
        "EBIT": 80,
        "Net Income": 33
    },
    "2015-09-30": {
        "Diluted EPS": 0.67,
        "Total Revenue": 407,
        "Gross Profit": 354,
        "Operating Income": 44,
        "EBIT": 56,
        "Net Income": 22
    },
    "2015-06-30": {
        "Diluted EPS": 1.05,
        "Total Revenue": 423,
        "Gross Profit": 371,
        "Operating Income": 53,
        "EBIT": 64,
        "Net Income": 34
    },
    "2015-03-31": {
        "Diluted EPS": 1.03,
        "Total Revenue": 455,
        "Gross Profit": 408,
        "Operating Income": 59,
        "EBIT": 71,
        "Net Income": 34
    },
    "2014-12-31": {
        "Diluted EPS": 0.04,
        "Total Revenue": 491,
        "Gross Profit": 447,
        "Operating Income": 18,
        "EBIT": 33,
        "Net Income": 0
    },
    "2014-09-30": {
        "Diluted EPS": 0.75,
        "Total Revenue": 413,
        "Gross Profit": 360,
        "Operating Income": 46,
        "EBIT": 57,
        "Net Income": 26
    },
    "2014-06-30": {
        "Diluted EPS": 1.0,
        "Total Revenue": 410,
        "Gross Profit": 356,
        "Operating Income": 58,
        "EBIT": 69,
        "Net Income": 35
    },
    "2014-03-31": {
        "Diluted EPS": 0.54,
        "Total Revenue": 402,
        "Gross Profit": 352,
        "Operating Income": 35,
        "EBIT": 48,
        "Net Income": 19
    },
    "2013-12-31": {
        "Diluted EPS": 0.15,
        "Total Revenue": 527,
        "Gross Profit": 446,
        "Operating Income": 22,
        "EBIT": 39,
        "Net Income": 6
    },
    "2013-09-30": {
        "Diluted EPS": 0.67,
        "Total Revenue": 412,
        "Gross Profit": 362,
        "Operating Income": 42,
        "EBIT": 55,
        "Net Income": 25
    },
    "2013-06-30": {
        "Diluted EPS": 0.85,
        "Total Revenue": 421,
        "Gross Profit": 369,
        "Operating Income": 48,
        "EBIT": 62,
        "Net Income": 30
    },
    "2013-03-31": {
        "Diluted EPS": 0.51,
        "Total Revenue": 390,
        "Gross Profit": 342,
        "Operating Income": 32,
        "EBIT": 47,
        "Net Income": 19
    },
    "2012-12-31": {
        "Diluted EPS": -0.33,
        "Total Revenue": 497,
        "Gross Profit": 416,
        "Operating Income": -9,
        "EBIT": 6,
        "Net Income": -12
    },
    "2012-09-30": {
        "Diluted EPS": 0.12,
        "Total Revenue": 383,
        "Gross Profit": 331,
        "Operating Income": 21,
        "EBIT": 40,
        "Net Income": 5
    },
    "2012-06-30": {
        "Diluted EPS": 0.15,
        "Total Revenue": 383,
        "Gross Profit": 327,
        "Operating Income": 7,
        "EBIT": 29,
        "Net Income": 5
    },
    "2012-03-31": {
        "Diluted EPS": 0.24,
        "Total Revenue": 376,
        "Gross Profit": 326,
        "Operating Income": 17,
        "EBIT": 39,
        "Net Income": 9
    },
    "2011-12-31": {
        "Diluted EPS": 0.4,
        "Total Revenue": 495,
        "Gross Profit": 426,
        "Operating Income": 22,
        "EBIT": 48,
        "Net Income": 14
    },
    "2011-09-30": {
        "Diluted EPS": -6.57,
        "Total Revenue": 378,
        "Gross Profit": 325,
        "Operating Income": -306,
        "EBIT": -288,
        "Net Income": -221
    },
    "2011-06-30": {
        "Diluted EPS": 0.47,
        "Total Revenue": 380,
        "Gross Profit": 326,
        "Operating Income": 28,
        "EBIT": 47,
        "Net Income": 16
    },
    "2011-03-31": {
        "Diluted EPS": 0.58,
        "Total Revenue": 371,
        "Gross Profit": 321,
        "Operating Income": 33,
        "EBIT": 54,
        "Net Income": 19
    },
    "2010-12-31": {
        "Diluted EPS": 0.0,
        "Total Revenue": NaN,
        "Gross Profit": NaN,
        "Operating Income": NaN,
        "EBIT": NaN,
        "Net Income": NaN
    },
    "2010-09-30": {
        "Diluted EPS": 0.0,
        "Total Revenue": 360,
        "Gross Profit": 302,
        "Operating Income": 32,
        "EBIT": 44,
        "Net Income": 19
    },
    "2009-12-31": {
        "Diluted EPS": 0.0,
        "Total Revenue": NaN,
        "Gross Profit": NaN,
        "Operating Income": NaN,
        "EBIT": NaN,
        "Net Income": NaN
    },
    "2023-09-30": {
        "Tax Effect Of Unusual Items": -2527000.0,
        "Tax Rate For Calcs": 0.361,
        "Normalized EBITDA": 142000000.0,
        "Total Unusual Items": -7000000.0,
        "Total Unusual Items Excluding Goodwill": -7000000.0,
        "Net Income From Continuing Operation Net Minority Interest": 42000000.0,
        "Reconciled Depreciation": 33000000.0,
        "Reconciled Cost Of Revenue": 787000000.0,
        "EBITDA": 135000000.0,
        "EBIT": 102000000.0,
        "Net Interest Income": -36000000.0,
        "Interest Expense": 36000000.0,
        "Normalized Income": 46473000.0,
        "Net Income From Continuing And Discontinued Operation": 42000000.0,
        "Total Expenses": 1079000000.0,
        "Rent Expense Supplemental": 119000000.0,
        "Diluted Average Shares": 43300000.0,
        "Basic Average Shares": 36400000.0,
        "Diluted EPS": 1.09,
        "Basic EPS": 1.16,
        "Diluted NI Availto Com Stockholders": 42000000.0,
        "Average Dilution Earnings": NaN,
        "Net Income Common Stockholders": 42000000.0,
        "Net Income": 42000000.0,
        "Minority Interests": 0.0,
        "Net Income Including Noncontrolling Interests": 42000000.0,
        "Net Income Continuous Operations": 42000000.0,
        "Tax Provision": 24000000.0,
        "Pretax Income": 66000000.0,
        "Other Income Expense": -5000000.0,
        "Other Non Operating Income Expenses": 2000000.0,
        "Special Income Charges": -7000000.0,
        "Other Special Charges": 2000000.0,
        "Write Off": 0.0,
        "Impairment Of Capital Assets": NaN,
        "Restructuring And Mergern Acquisition": 5000000.0,
        "Net Non Operating Interest Income Expense": -36000000.0,
        "Interest Expense Non Operating": 36000000.0,
        "Operating Income": 107000000.0,
        "Operating Expense": 292000000.0,
        "Depreciation Amortization Depletion Income Statement": 33000000.0,
        "Depreciation And Amortization In Income Statement": 33000000.0,
        "Selling General And Administration": 259000000.0,
        "Selling And Marketing Expense": 202000000.0,
        "General And Administrative Expense": 57000000.0,
        "Other Gand A": 57000000.0,
        "Gross Profit": 399000000.0,
        "Cost Of Revenue": 787000000.0,
        "Total Revenue": 1186000000.0,
        "Operating Revenue": 743000000.0
    },
    "2023-12-31": {
        "Tax Effect Of Unusual Items": -10290000.0,
        "Tax Rate For Calcs": 0.21,
        "Normalized EBITDA": 188000000.0,
        "Total Unusual Items": -49000000.0,
        "Total Unusual Items Excluding Goodwill": -49000000.0,
        "Net Income From Continuing Operation Net Minority Interest": 35000000.0,
        "Reconciled Depreciation": 36000000.0,
        "Reconciled Cost Of Revenue": 727000000.0,
        "EBITDA": 139000000.0,
        "EBIT": 103000000.0,
        "Net Interest Income": -39000000.0,
        "Interest Expense": 39000000.0,
        "Normalized Income": 73710000.0,
        "Net Income From Continuing And Discontinued Operation": 35000000.0,
        "Total Expenses": 1052000000.0,
        "Rent Expense Supplemental": 108000000.0,
        "Diluted Average Shares": 42500000.0,
        "Basic Average Shares": 35600000.0,
        "Diluted EPS": 0.93,
        "Basic EPS": 0.98,
        "Diluted NI Availto Com Stockholders": 35000000.0,
        "Average Dilution Earnings": NaN,
        "Net Income Common Stockholders": 35000000.0,
        "Net Income": 35000000.0,
        "Minority Interests": 2000000.0,
        "Net Income Including Noncontrolling Interests": 33000000.0,
        "Net Income Continuous Operations": 33000000.0,
        "Tax Provision": 31000000.0,
        "Pretax Income": 64000000.0,
        "Other Income Expense": -39000000.0,
        "Other Non Operating Income Expenses": 10000000.0,
        "Special Income Charges": -49000000.0,
        "Other Special Charges": 6000000.0,
        "Write Off": 8000000.0,
        "Impairment Of Capital Assets": NaN,
        "Restructuring And Mergern Acquisition": 15000000.0,
        "Net Non Operating Interest Income Expense": -39000000.0,
        "Interest Expense Non Operating": 39000000.0,
        "Operating Income": 142000000.0,
        "Operating Expense": 325000000.0,
        "Depreciation Amortization Depletion Income Statement": 36000000.0,
        "Depreciation And Amortization In Income Statement": 36000000.0,
        "Selling General And Administration": 289000000.0,
        "Selling And Marketing Expense": 205000000.0,
        "General And Administrative Expense": 84000000.0,
        "Other Gand A": 84000000.0,
        "Gross Profit": 467000000.0,
        "Cost Of Revenue": 727000000.0,
        "Total Revenue": 1194000000.0,
        "Operating Revenue": 796000000.0
    },
    "2024-03-31": {
        "Tax Effect Of Unusual Items": -4200000.0,
        "Tax Rate For Calcs": 0.21,
        "Normalized EBITDA": 179000000.0,
        "Total Unusual Items": -20000000.0,
        "Total Unusual Items Excluding Goodwill": -20000000.0,
        "Net Income From Continuing Operation Net Minority Interest": 47000000.0,
        "Reconciled Depreciation": 38000000.0,
        "Reconciled Cost Of Revenue": 729000000.0,
        "EBITDA": 159000000.0,
        "EBIT": 121000000.0,
        "Net Interest Income": -40000000.0,
        "Interest Expense": 40000000.0,
        "Normalized Income": 62800000.0,
        "Net Income From Continuing And Discontinued Operation": 47000000.0,
        "Total Expenses": 1053000000.0,
        "Rent Expense Supplemental": 107000000.0,
        "Diluted Average Shares": 42200000.0,
        "Basic Average Shares": 35500000.0,
        "Diluted EPS": 1.22,
        "Basic EPS": 1.32,
        "Diluted NI Availto Com Stockholders": 47000000.0,
        "Average Dilution Earnings": NaN,
        "Net Income Common Stockholders": 47000000.0,
        "Net Income": 47000000.0,
        "Minority Interests": 1000000.0,
        "Net Income Including Noncontrolling Interests": 46000000.0,
        "Net Income Continuous Operations": 46000000.0,
        "Tax Provision": 35000000.0,
        "Pretax Income": 81000000.0,
        "Other Income Expense": -21000000.0,
        "Other Non Operating Income Expenses": -1000000.0,
        "Special Income Charges": -20000000.0,
        "Other Special Charges": 3000000.0,
        "Write Off": 0.0,
        "Impairment Of Capital Assets": NaN,
        "Restructuring And Mergern Acquisition": 17000000.0,
        "Net Non Operating Interest Income Expense": -40000000.0,
        "Interest Expense Non Operating": 40000000.0,
        "Operating Income": 142000000.0,
        "Operating Expense": 324000000.0,
        "Depreciation Amortization Depletion Income Statement": 38000000.0,
        "Depreciation And Amortization In Income Statement": 38000000.0,
        "Selling General And Administration": 286000000.0,
        "Selling And Marketing Expense": 223000000.0,
        "General And Administrative Expense": 63000000.0,
        "Other Gand A": 63000000.0,
        "Gross Profit": 466000000.0,
        "Cost Of Revenue": 729000000.0,
        "Total Revenue": 1195000000.0,
        "Operating Revenue": 804000000.0
    },
    "2024-06-30": {
        "Tax Effect Of Unusual Items": -3520000.0,
        "Tax Rate For Calcs": 0.22,
        "Normalized EBITDA": 142000000.0,
        "Total Unusual Items": -16000000.0,
        "Total Unusual Items Excluding Goodwill": -16000000.0,
        "Net Income From Continuing Operation Net Minority Interest": 37000000.0,
        "Reconciled Depreciation": 35000000.0,
        "Reconciled Cost Of Revenue": 710000000.0,
        "EBITDA": 126000000.0,
        "EBIT": 91000000.0,
        "Net Interest Income": -43000000.0,
        "Interest Expense": 43000000.0,
        "Normalized Income": 49480000.0,
        "Net Income From Continuing And Discontinued Operation": 37000000.0,
        "Total Expenses": 1025000000.0,
        "Rent Expense Supplemental": 111000000.0,
        "Diluted Average Shares": 42200000.0,
        "Basic Average Shares": 35400000.0,
        "Diluted EPS": 0.98,
        "Basic EPS": 1.04,
        "Diluted NI Availto Com Stockholders": 37000000.0,
        "Average Dilution Earnings": NaN,
        "Net Income Common Stockholders": 37000000.0,
        "Net Income": 37000000.0,
        "Minority Interests": -1000000.0,
        "Net Income Including Noncontrolling Interests": 38000000.0,
        "Net Income Continuous Operations": 38000000.0,
        "Tax Provision": 10000000.0,
        "Pretax Income": 48000000.0,
        "Other Income Expense": -24000000.0,
        "Other Non Operating Income Expenses": -8000000.0,
        "Special Income Charges": -16000000.0,
        "Other Special Charges": 10000000.0,
        "Write Off": 2000000.0,
        "Impairment Of Capital Assets": NaN,
        "Restructuring And Mergern Acquisition": 4000000.0,
        "Net Non Operating Interest Income Expense": -43000000.0,
        "Interest Expense Non Operating": 43000000.0,
        "Operating Income": 115000000.0,
        "Operating Expense": 315000000.0,
        "Depreciation Amortization Depletion Income Statement": 35000000.0,
        "Depreciation And Amortization In Income Statement": 35000000.0,
        "Selling General And Administration": 280000000.0,
        "Selling And Marketing Expense": 226000000.0,
        "General And Administrative Expense": 54000000.0,
        "Other Gand A": 54000000.0,
        "Gross Profit": 430000000.0,
        "Cost Of Revenue": 710000000.0,
        "Total Revenue": 1140000000.0,
        "Operating Revenue": 762000000.0
    }
}