{
    "2023-03-31": {
        "Tax Effect Of Unusual Items": NaN,
        "Tax Rate For Calcs": NaN,
        "Normalized EBITDA": NaN,
        "Total Unusual Items": NaN,
        "Total Unusual Items Excluding Goodwill": NaN,
        "Net Income From Continuing Operation Net Minority Interest": NaN,
        "Reconciled Depreciation": NaN,
        "Reconciled Cost Of Revenue": NaN,
        "EBITDA": NaN,
        "EBIT": NaN,
        "Net Interest Income": NaN,
        "Interest Expense": NaN,
        "Interest Income": NaN,
        "Normalized Income": NaN,
        "Net Income From Continuing And Discontinued Operation": NaN,
        "Total Expenses": NaN,
        "Total Operating Income As Reported": NaN,
        "Diluted Average Shares": NaN,
        "Basic Average Shares": NaN,
        "Diluted EPS": NaN,
        "Basic EPS": NaN,
        "Diluted NI Availto Com Stockholders": NaN,
        "Net Income Common Stockholders": NaN,
        "Net Income": NaN,
        "Minority Interests": NaN,
        "Net Income Including Noncontrolling Interests": NaN,
        "Net Income Continuous Operations": NaN,
        "Tax Provision": NaN,
        "Pretax Income": NaN,
        "Other Income Expense": NaN,
        "Other Non Operating Income Expenses": NaN,
        "Special Income Charges": 100000.0,
        "Gain On Sale Of Ppe": 100000.0,
        "Other Special Charges": NaN,
        "Impairment Of Capital Assets": NaN,
        "Earnings From Equity Interest": NaN,
        "Gain On Sale Of Security": 500000.0,
        "Net Non Operating Interest Income Expense": NaN,
        "Interest Expense Non Operating": NaN,
        "Interest Income Non Operating": NaN,
        "Operating Income": NaN,
        "Operating Expense": NaN,
        "Selling General And Administration": NaN,
        "General And Administrative Expense": NaN,
        "Other Gand A": NaN,
        "Salaries And Wages": -100000.0,
        "Gross Profit": NaN,
        "Cost Of Revenue": NaN,
        "Total Revenue": NaN,
        "Operating Revenue": NaN
    },
    "2022-12-31": {
        "Tax Effect Of Unusual Items": NaN,
        "Tax Rate For Calcs": NaN,
        "Normalized EBITDA": NaN,
        "Total Unusual Items": NaN,
        "Total Unusual Items Excluding Goodwill": NaN,
        "Net Income From Continuing Operation Net Minority Interest": NaN,
        "Reconciled Depreciation": NaN,
        "Reconciled Cost Of Revenue": NaN,
        "EBITDA": NaN,
        "EBIT": NaN,
        "Net Interest Income": NaN,
        "Interest Expense": NaN,
        "Interest Income": NaN,
        "Normalized Income": NaN,
        "Net Income From Continuing And Discontinued Operation": NaN,
        "Total Expenses": NaN,
        "Total Operating Income As Reported": NaN,
        "Diluted Average Shares": NaN,
        "Basic Average Shares": NaN,
        "Diluted EPS": NaN,
        "Basic EPS": NaN,
        "Diluted NI Availto Com Stockholders": NaN,
        "Net Income Common Stockholders": NaN,
        "Net Income": NaN,
        "Minority Interests": NaN,
        "Net Income Including Noncontrolling Interests": NaN,
        "Net Income Continuous Operations": NaN,
        "Tax Provision": NaN,
        "Pretax Income": NaN,
        "Other Income Expense": NaN,
        "Other Non Operating Income Expenses": NaN,
        "Special Income Charges": NaN,
        "Gain On Sale Of Ppe": NaN,
        "Other Special Charges": NaN,
        "Impairment Of Capital Assets": NaN,
        "Restructuring And Mergern Acquisition": 300000.0,
        "Earnings From Equity Interest": NaN,
        "Gain On Sale Of Security": NaN,
        "Net Non Operating Interest Income Expense": NaN,
        "Interest Expense Non Operating": NaN,
        "Interest Income Non Operating": NaN,
        "Operating Income": NaN,
        "Operating Expense": NaN,
        "Selling General And Administration": NaN,
        "General And Administrative Expense": NaN,
        "Other Gand A": NaN,
        "Salaries And Wages": NaN,
        "Gross Profit": NaN,
        "Cost Of Revenue": NaN,
        "Total Revenue": NaN,
        "Operating Revenue": NaN
    },
    "2022-09-30": {
        "Tax Effect Of Unusual Items": NaN,
        "Tax Rate For Calcs": NaN,
        "Normalized EBITDA": NaN,
        "Total Unusual Items": NaN,
        "Total Unusual Items Excluding Goodwill": NaN,
        "Net Income From Continuing Operation Net Minority Interest": NaN,
        "Reconciled Depreciation": NaN,
        "Reconciled Cost Of Revenue": NaN,
        "EBITDA": NaN,
        "EBIT": NaN,
        "Net Interest Income": NaN,
        "Interest Expense": NaN,
        "Interest Income": NaN,
        "Normalized Income": NaN,
        "Net Income From Continuing And Discontinued Operation": NaN,
        "Total Expenses": NaN,
        "Total Operating Income As Reported": NaN,
        "Diluted Average Shares": NaN,
        "Basic Average Shares": NaN,
        "Diluted EPS": NaN,
        "Basic EPS": NaN,
        "Diluted NI Availto Com Stockholders": NaN,
        "Net Income Common Stockholders": NaN,
        "Net Income": NaN,
        "Minority Interests": NaN,
        "Net Income Including Noncontrolling Interests": NaN,
        "Net Income Continuous Operations": NaN,
        "Tax Provision": NaN,
        "Pretax Income": NaN,
        "Other Income Expense": NaN,
        "Other Non Operating Income Expenses": NaN,
        "Special Income Charges": NaN,
        "Gain On Sale Of Ppe": 100000.0,
        "Other Special Charges": NaN,
        "Impairment Of Capital Assets": 0.0,
        "Restructuring And Mergern Acquisition": 400000.0,
        "Earnings From Equity Interest": NaN,
        "Gain On Sale Of Security": 9800000.0,
        "Net Non Operating Interest Income Expense": NaN,
        "Interest Expense Non Operating": NaN,
        "Interest Income Non Operating": NaN,
        "Operating Income": NaN,
        "Operating Expense": NaN,
        "Selling General And Administration": NaN,
        "General And Administrative Expense": NaN,
        "Other Gand A": NaN,
        "Salaries And Wages": -4000000.0,
        "Gross Profit": NaN,
        "Cost Of Revenue": NaN,
        "Total Revenue": NaN,
        "Operating Revenue": NaN
    },
    "2022-06-30": {
        "Tax Effect Of Unusual Items": -5346165.413534,
        "Tax Rate For Calcs": 0.15188,
        "Normalized EBITDA": 198900000.0,
        "Total Unusual Items": -35200000.0,
        "Total Unusual Items Excluding Goodwill": -35200000.0,
        "Net Income From Continuing Operation Net Minority Interest": 111600000.0,
        "Reconciled Depreciation": 19100000.0,
        "Reconciled Cost Of Revenue": 384100000.0,
        "EBITDA": 163700000.0,
        "EBIT": 144600000.0,
        "Net Interest Income": -400000.0,
        "Interest Expense": 11600000.0,
        "Interest Income": 11200000.0,
        "Normalized Income": 141453834.586466,
        "Net Income From Continuing And Discontinued Operation": 111600000.0,
        "Total Expenses": 403100000.0,
        "Total Operating Income As Reported": -15600000.0,
        "Diluted Average Shares": 75600000.0,
        "Basic Average Shares": 75000000.0,
        "Diluted EPS": 1.48,
        "Basic EPS": 1.49,
        "Diluted NI Availto Com Stockholders": 111600000.0,
        "Net Income Common Stockholders": 111600000.0,
        "Net Income": 111600000.0,
        "Minority Interests": -1200000.0,
        "Net Income Including Noncontrolling Interests": 112800000.0,
        "Net Income Continuous Operations": 112800000.0,
        "Tax Provision": 20200000.0,
        "Pretax Income": 133000000.0,
        "Other Income Expense": 123200000.0,
        "Other Non Operating Income Expenses": 149700000.0,
        "Special Income Charges": -35200000.0,
        "Gain On Sale Of Ppe": 135100000.0,
        "Other Special Charges": NaN,
        "Impairment Of Capital Assets": 34500000.0,
        "Restructuring And Mergern Acquisition": 700000.0,
        "Earnings From Equity Interest": 8700000.0,
        "Gain On Sale Of Security": 10700000.0,
        "Net Non Operating Interest Income Expense": -400000.0,
        "Interest Expense Non Operating": 11600000.0,
        "Interest Income Non Operating": 11200000.0,
        "Operating Income": 10200000.0,
        "Operating Expense": 19000000.0,
        "Selling General And Administration": 19000000.0,
        "General And Administrative Expense": 19000000.0,
        "Other Gand A": 19000000.0,
        "Gross Profit": 29200000.0,
        "Cost Of Revenue": 384100000.0,
        "Total Revenue": 413300000.0,
        "Operating Revenue": 413300000.0
    },
    "2023-06-30": {
        "Tax Effect Of Unusual Items": -441000.0,
        "Tax Rate For Calcs": 0.21,
        "Normalized EBITDA": 40500000.0,
        "Total Unusual Items": -2100000.0,
        "Total Unusual Items Excluding Goodwill": -2100000.0,
        "Net Income From Continuing Operation Net Minority Interest": -29400000.0,
        "Reconciled Depreciation": 24500000.0,
        "Reconciled Cost Of Revenue": 398000000.0,
        "EBITDA": 38400000.0,
        "EBIT": 13900000.0,
        "Net Interest Income": 7900000.0,
        "Interest Expense": 16700000.0,
        "Interest Income": 24600000.0,
        "Normalized Income": -27741000.0,
        "Net Income From Continuing And Discontinued Operation": -29400000.0,
        "Total Expenses": 424300000.0,
        "Total Operating Income As Reported": -9900000.0,
        "Diluted Average Shares": 74800000.0,
        "Basic Average Shares": 74800000.0,
        "Diluted EPS": -0.39,
        "Basic EPS": -0.39,
        "Diluted NI Availto Com Stockholders": -29400000.0,
        "Net Income Common Stockholders": -29400000.0,
        "Net Income": -29400000.0,
        "Minority Interests": -2100000.0,
        "Net Income Including Noncontrolling Interests": -27300000.0,
        "Net Income Continuous Operations": -27300000.0,
        "Tax Provision": 24500000.0,
        "Pretax Income": -2800000.0,
        "Other Income Expense": -1600000.0,
        "Other Non Operating Income Expenses": 1200000.0,
        "Special Income Charges": -1400000.0,
        "Gain On Sale Of Ppe": 27800000.0,
        "Other Special Charges": 29200000.0,
        "Impairment Of Capital Assets": 0.0,
        "Earnings From Equity Interest": -700000.0,
        "Gain On Sale Of Security": -700000.0,
        "Net Non Operating Interest Income Expense": 7900000.0,
        "Interest Expense Non Operating": 16700000.0,
        "Interest Income Non Operating": 24600000.0,
        "Operating Income": -9100000.0,
        "Operating Expense": 26300000.0,
        "Selling General And Administration": 26300000.0,
        "General And Administrative Expense": 26300000.0,
        "Other Gand A": 26400000.0,
        "Salaries And Wages": -100000.0,
        "Gross Profit": 17200000.0,
        "Cost Of Revenue": 398000000.0,
        "Total Revenue": 415200000.0,
        "Operating Revenue": 415200000.0
    },
    "2022-03-31": {
        "Diluted EPS": -0.51,
        "Total Revenue": 318,
        "Gross Profit": -13,
        "Operating Income": -50,
        "EBIT": -26,
        "Net Income": -39
    },
    "2021-12-31": {
        "Diluted EPS": -7.13,
        "Total Revenue": 306,
        "Gross Profit": 25,
        "Operating Income": -20,
        "EBIT": 5,
        "Net Income": 33
    },
    "2021-09-30": {
        "Diluted EPS": -0.73,
        "Total Revenue": 327,
        "Gross Profit": 52,
        "Operating Income": 3,
        "EBIT": 31,
        "Net Income": -55
    },
    "2021-06-30": {
        "Diluted EPS": -47.51,
        "Total Revenue": 293,
        "Gross Profit": 34,
        "Operating Income": -33,
        "EBIT": 21,
        "Net Income": NaN
    },
    "2021-03-31": {
        "Diluted EPS": -4.56,
        "Total Revenue": 307,
        "Gross Profit": 54,
        "Operating Income": -848,
        "EBIT": -730,
        "Net Income": -910
    },
    "2020-12-31": {
        "Diluted EPS": -0.29,
        "Total Revenue": 297,
        "Gross Profit": -20,
        "Operating Income": -169,
        "EBIT": -55,
        "Net Income": -71
    },
    "2020-09-30": {
        "Diluted EPS": -3.36,
        "Total Revenue": 285,
        "Gross Profit": -22,
        "Operating Income": -94,
        "EBIT": 30,
        "Net Income": -671
    },
    "2020-06-30": {
        "Diluted EPS": -5.58,
        "Total Revenue": 389,
        "Gross Profit": 18,
        "Operating Income": NaN,
        "EBIT": -878,
        "Net Income": NaN
    },
    "2020-03-31": {
        "Diluted EPS": -15.19,
        "Total Revenue": 457,
        "Gross Profit": -19,
        "Operating Income": NaN,
        "EBIT": NaN,
        "Net Income": NaN
    },
    "2019-12-31": {
        "Diluted EPS": -0.48,
        "Total Revenue": 512,
        "Gross Profit": 36,
        "Operating Income": -193,
        "EBIT": -28,
        "Net Income": -216
    },
    "2019-09-30": {
        "Diluted EPS": -1.0,
        "Total Revenue": 551,
        "Gross Profit": 55,
        "Operating Income": -236,
        "EBIT": -74,
        "Net Income": -197
    },
    "2019-06-30": {
        "Diluted EPS": 2.09,
        "Total Revenue": 584,
        "Gross Profit": 84,
        "Operating Income": -157,
        "EBIT": -2,
        "Net Income": 406
    },
    "2019-03-31": {
        "Diluted EPS": -1.75,
        "Total Revenue": 406,
        "Gross Profit": 73,
        "Operating Income": -81,
        "EBIT": 29,
        "Net Income": -190
    },
    "2018-12-31": {
        "Diluted EPS": 0.0,
        "Total Revenue": NaN,
        "Gross Profit": NaN,
        "Operating Income": NaN,
        "EBIT": NaN,
        "Net Income": NaN
    },
    "2023-09-30": {
        "Tax Effect Of Unusual Items": 1390613.718412,
        "Tax Rate For Calcs": 0.386282,
        "Normalized EBITDA": 69300000.0,
        "Total Unusual Items": 3600000.0,
        "Total Unusual Items Excluding Goodwill": 3600000.0,
        "Net Income From Continuing Operation Net Minority Interest": 12900000.0,
        "Reconciled Depreciation": 25800000.0,
        "Reconciled Cost Of Revenue": 416700000.0,
        "EBITDA": 72900000.0,
        "EBIT": 47100000.0,
        "Net Interest Income": 7200000.0,
        "Interest Expense": 19400000.0,
        "Interest Income": 26600000.0,
        "Normalized Income": 10690613.718412,
        "Net Income From Continuing And Discontinued Operation": 12900000.0,
        "Total Expenses": 440800000.0,
        "Total Operating Income As Reported": 16600000.0,
        "Diluted Average Shares": 74800000.0,
        "Basic Average Shares": 73700000.0,
        "Diluted EPS": 0.17,
        "Basic EPS": 0.18,
        "Diluted NI Availto Com Stockholders": 12900000.0,
        "Net Income Common Stockholders": 12900000.0,
        "Net Income": 12900000.0,
        "Minority Interests": -4100000.0,
        "Net Income Including Noncontrolling Interests": 17000000.0,
        "Net Income Continuous Operations": 17000000.0,
        "Tax Provision": 10700000.0,
        "Pretax Income": 27700000.0,
        "Other Income Expense": 6200000.0,
        "Other Non Operating Income Expenses": 200000.0,
        "Special Income Charges": 0.0,
        "Gain On Sale Of Ppe": 0.0,
        "Other Special Charges": NaN,
        "Impairment Of Capital Assets": 0.0,
        "Earnings From Equity Interest": 2400000.0,
        "Gain On Sale Of Security": 3600000.0,
        "Net Non Operating Interest Income Expense": 7200000.0,
        "Interest Expense Non Operating": 19400000.0,
        "Interest Income Non Operating": 26600000.0,
        "Operating Income": 14300000.0,
        "Operating Expense": 24100000.0,
        "Selling General And Administration": 24100000.0,
        "General And Administrative Expense": 24100000.0,
        "Other Gand A": 24200000.0,
        "Salaries And Wages": -100000.0,
        "Gross Profit": 38400000.0,
        "Cost Of Revenue": 416700000.0,
        "Total Revenue": 455100000.0,
        "Operating Revenue": 455100000.0
    },
    "2023-12-31": {
        "Tax Effect Of Unusual Items": -441000.0,
        "Tax Rate For Calcs": 0.21,
        "Normalized EBITDA": 89600000.0,
        "Total Unusual Items": -2100000.0,
        "Total Unusual Items Excluding Goodwill": -2100000.0,
        "Net Income From Continuing Operation Net Minority Interest": 835200000.0,
        "Reconciled Depreciation": 27500000.0,
        "Reconciled Cost Of Revenue": 429500000.0,
        "EBITDA": 87500000.0,
        "EBIT": 60000000.0,
        "Net Interest Income": 5500000.0,
        "Interest Expense": 21700000.0,
        "Interest Income": 27200000.0,
        "Normalized Income": 836859000.0,
        "Net Income From Continuing And Discontinued Operation": 835200000.0,
        "Total Expenses": 454100000.0,
        "Total Operating Income As Reported": 38300000.0,
        "Diluted Average Shares": 73900000.0,
        "Basic Average Shares": 72800000.0,
        "Diluted EPS": 11.3,
        "Basic EPS": 11.47,
        "Diluted NI Availto Com Stockholders": 835200000.0,
        "Net Income Common Stockholders": 835200000.0,
        "Net Income": 835200000.0,
        "Minority Interests": 6700000.0,
        "Net Income Including Noncontrolling Interests": 828500000.0,
        "Net Income Continuous Operations": 828500000.0,
        "Tax Provision": -790200000.0,
        "Pretax Income": 38300000.0,
        "Other Income Expense": 3100000.0,
        "Other Non Operating Income Expenses": -3100000.0,
        "Special Income Charges": 1300000.0,
        "Gain On Sale Of Ppe": NaN,
        "Other Special Charges": NaN,
        "Impairment Of Capital Assets": 0.0,
        "Earnings From Equity Interest": 8300000.0,
        "Gain On Sale Of Security": NaN,
        "Net Non Operating Interest Income Expense": 5500000.0,
        "Interest Expense Non Operating": 21700000.0,
        "Interest Income Non Operating": 27200000.0,
        "Operating Income": 29700000.0,
        "Operating Expense": 24600000.0,
        "Selling General And Administration": 24600000.0,
        "General And Administrative Expense": 24600000.0,
        "Other Gand A": 24300000.0,
        "Salaries And Wages": NaN,
        "Gross Profit": 54300000.0,
        "Cost Of Revenue": 429500000.0,
        "Total Revenue": 483800000.0,
        "Operating Revenue": 483800000.0
    },
    "2024-03-31": {
        "Tax Effect Of Unusual Items": 1814062.5,
        "Tax Rate For Calcs": 0.335938,
        "Normalized EBITDA": 77500000.0,
        "Total Unusual Items": 5400000.0,
        "Total Unusual Items Excluding Goodwill": 5400000.0,
        "Net Income From Continuing Operation Net Minority Interest": 25500000.0,
        "Reconciled Depreciation": 26800000.0,
        "Reconciled Cost Of Revenue": 471600000.0,
        "EBITDA": 82900000.0,
        "EBIT": 56100000.0,
        "Net Interest Income": 3300000.0,
        "Interest Expense": 17700000.0,
        "Interest Income": 21000000.0,
        "Normalized Income": 21914062.5,
        "Net Income From Continuing And Discontinued Operation": 25500000.0,
        "Total Expenses": 497400000.0,
        "Total Operating Income As Reported": 29300000.0,
        "Diluted Average Shares": 73600000.0,
        "Basic Average Shares": 72400000.0,
        "Diluted EPS": 0.35,
        "Basic EPS": 0.35,
        "Diluted NI Availto Com Stockholders": 25500000.0,
        "Net Income Common Stockholders": 25500000.0,
        "Net Income": 25500000.0,
        "Minority Interests": 0.0,
        "Net Income Including Noncontrolling Interests": 25500000.0,
        "Net Income Continuous Operations": 25500000.0,
        "Tax Provision": 12900000.0,
        "Pretax Income": 38400000.0,
        "Other Income Expense": 7500000.0,
        "Other Non Operating Income Expenses": -300000.0,
        "Special Income Charges": NaN,
        "Gain On Sale Of Ppe": NaN,
        "Other Special Charges": NaN,
        "Impairment Of Capital Assets": NaN,
        "Earnings From Equity Interest": 2400000.0,
        "Gain On Sale Of Security": 5400000.0,
        "Net Non Operating Interest Income Expense": 3300000.0,
        "Interest Expense Non Operating": 17700000.0,
        "Interest Income Non Operating": 21000000.0,
        "Operating Income": 27600000.0,
        "Operating Expense": 25800000.0,
        "Selling General And Administration": 25800000.0,
        "General And Administrative Expense": 25800000.0,
        "Other Gand A": 26500000.0,
        "Salaries And Wages": -700000.0,
        "Gross Profit": 53400000.0,
        "Cost Of Revenue": 471600000.0,
        "Total Revenue": 525000000.0,
        "Operating Revenue": 525000000.0
    },
    "2024-06-30": {
        "Tax Effect Of Unusual Items": 525000.0,
        "Tax Rate For Calcs": 0.21,
        "Normalized EBITDA": 170600000.0,
        "Total Unusual Items": 2500000.0,
        "Total Unusual Items Excluding Goodwill": 2500000.0,
        "Net Income From Continuing Operation Net Minority Interest": 149600000.0,
        "Reconciled Depreciation": 29700000.0,
        "Reconciled Cost Of Revenue": 468400000.0,
        "EBITDA": 173100000.0,
        "EBIT": 143400000.0,
        "Net Interest Income": 8400000.0,
        "Interest Expense": 22600000.0,
        "Interest Income": 31000000.0,
        "Normalized Income": 147625000.0,
        "Net Income From Continuing And Discontinued Operation": 149600000.0,
        "Total Expenses": 500200000.0,
        "Total Operating Income As Reported": 108900000.0,
        "Diluted Average Shares": 73700000.0,
        "Basic Average Shares": 72400000.0,
        "Diluted EPS": 2.03,
        "Basic EPS": 2.07,
        "Diluted NI Availto Com Stockholders": 149600000.0,
        "Net Income Common Stockholders": 149600000.0,
        "Net Income": 149600000.0,
        "Minority Interests": -1200000.0,
        "Net Income Including Noncontrolling Interests": 150800000.0,
        "Net Income Continuous Operations": 150800000.0,
        "Tax Provision": -30000000.0,
        "Pretax Income": 120800000.0,
        "Other Income Expense": 2500000.0,
        "Other Non Operating Income Expenses": 300000.0,
        "Special Income Charges": 0.0,
        "Gain On Sale Of Ppe": 0.0,
        "Other Special Charges": NaN,
        "Impairment Of Capital Assets": NaN,
        "Earnings From Equity Interest": -300000.0,
        "Gain On Sale Of Security": 2500000.0,
        "Net Non Operating Interest Income Expense": 8400000.0,
        "Interest Expense Non Operating": 22600000.0,
        "Interest Income Non Operating": 31000000.0,
        "Operating Income": 109900000.0,
        "Operating Expense": 31800000.0,
        "Selling General And Administration": 31800000.0,
        "General And Administrative Expense": 31800000.0,
        "Other Gand A": 32500000.0,
        "Salaries And Wages": -700000.0,
        "Gross Profit": 141700000.0,
        "Cost Of Revenue": 468400000.0,
        "Total Revenue": 610100000.0,
        "Operating Revenue": 610100000.0
    }
}