{
    "2023-03-31": {
        "Tax Effect Of Unusual Items": NaN,
        "Tax Rate For Calcs": NaN,
        "Normalized EBITDA": NaN,
        "Net Income From Continuing Operation Net Minority Interest": NaN,
        "Reconciled Depreciation": NaN,
        "Reconciled Cost Of Revenue": NaN,
        "EBITDA": NaN,
        "EBIT": NaN,
        "Net Interest Income": NaN,
        "Interest Expense": NaN,
        "Normalized Income": NaN,
        "Net Income From Continuing And Discontinued Operation": NaN,
        "Total Expenses": NaN,
        "Total Operating Income As Reported": NaN,
        "Diluted Average Shares": 7770000.0,
        "Basic Average Shares": 7770000.0,
        "Diluted EPS": -1.3,
        "Basic EPS": -1.3,
        "Diluted NI Availto Com Stockholders": NaN,
        "Net Income Common Stockholders": NaN,
        "Preferred Stock Dividends": NaN,
        "Net Income": NaN,
        "Minority Interests": NaN,
        "Net Income Including Noncontrolling Interests": NaN,
        "Net Income Continuous Operations": NaN,
        "Tax Provision": NaN,
        "Pretax Income": NaN,
        "Other Income Expense": 12500000.0,
        "Other Non Operating Income Expenses": NaN,
        "Earnings From Equity Interest": NaN,
        "Net Non Operating Interest Income Expense": NaN,
        "Interest Expense Non Operating": NaN,
        "Operating Income": NaN,
        "Operating Expense": NaN,
        "Other Operating Expenses": NaN,
        "Depreciation Amortization Depletion Income Statement": NaN,
        "Depreciation And Amortization In Income Statement": NaN,
        "Selling General And Administration": NaN,
        "Gross Profit": NaN,
        "Cost Of Revenue": NaN,
        "Total Revenue": NaN,
        "Operating Revenue": NaN
    },
    "2022-12-31": {
        "Tax Effect Of Unusual Items": NaN,
        "Tax Rate For Calcs": NaN,
        "Normalized EBITDA": NaN,
        "Total Unusual Items": 0.0,
        "Total Unusual Items Excluding Goodwill": 0.0,
        "Net Income From Continuing Operation Net Minority Interest": NaN,
        "Reconciled Depreciation": NaN,
        "Reconciled Cost Of Revenue": NaN,
        "EBITDA": NaN,
        "EBIT": NaN,
        "Net Interest Income": NaN,
        "Interest Expense": NaN,
        "Normalized Income": NaN,
        "Net Income From Continuing And Discontinued Operation": NaN,
        "Total Expenses": NaN,
        "Total Operating Income As Reported": NaN,
        "Diluted Average Shares": NaN,
        "Basic Average Shares": NaN,
        "Diluted EPS": NaN,
        "Basic EPS": NaN,
        "Diluted NI Availto Com Stockholders": NaN,
        "Net Income Common Stockholders": NaN,
        "Preferred Stock Dividends": NaN,
        "Net Income": NaN,
        "Minority Interests": NaN,
        "Net Income Including Noncontrolling Interests": NaN,
        "Net Income Discontinuous Operations": 0.0,
        "Net Income Continuous Operations": NaN,
        "Tax Provision": NaN,
        "Pretax Income": NaN,
        "Other Income Expense": NaN,
        "Other Non Operating Income Expenses": NaN,
        "Special Income Charges": 0.0,
        "Earnings From Equity Interest": NaN,
        "Net Non Operating Interest Income Expense": NaN,
        "Interest Expense Non Operating": NaN,
        "Operating Income": NaN,
        "Operating Expense": NaN,
        "Other Operating Expenses": NaN,
        "Depreciation Amortization Depletion Income Statement": NaN,
        "Depreciation And Amortization In Income Statement": NaN,
        "Selling General And Administration": NaN,
        "Gross Profit": NaN,
        "Cost Of Revenue": NaN,
        "Total Revenue": NaN,
        "Operating Revenue": NaN
    },
    "2022-09-30": {
        "Tax Effect Of Unusual Items": NaN,
        "Tax Rate For Calcs": NaN,
        "Normalized EBITDA": NaN,
        "Total Unusual Items": 0.0,
        "Total Unusual Items Excluding Goodwill": 0.0,
        "Net Income From Continuing Operation Net Minority Interest": NaN,
        "Reconciled Depreciation": NaN,
        "Reconciled Cost Of Revenue": NaN,
        "EBITDA": NaN,
        "EBIT": NaN,
        "Net Interest Income": NaN,
        "Interest Expense": NaN,
        "Normalized Income": NaN,
        "Net Income From Continuing And Discontinued Operation": NaN,
        "Total Expenses": NaN,
        "Total Operating Income As Reported": NaN,
        "Diluted Average Shares": NaN,
        "Basic Average Shares": NaN,
        "Diluted EPS": NaN,
        "Basic EPS": NaN,
        "Diluted NI Availto Com Stockholders": NaN,
        "Net Income Common Stockholders": NaN,
        "Preferred Stock Dividends": NaN,
        "Net Income": NaN,
        "Minority Interests": NaN,
        "Net Income Including Noncontrolling Interests": NaN,
        "Net Income Discontinuous Operations": 0.0,
        "Net Income Continuous Operations": NaN,
        "Tax Provision": NaN,
        "Pretax Income": NaN,
        "Other Income Expense": NaN,
        "Other Non Operating Income Expenses": NaN,
        "Special Income Charges": 0.0,
        "Earnings From Equity Interest": NaN,
        "Net Non Operating Interest Income Expense": NaN,
        "Interest Expense Non Operating": NaN,
        "Operating Income": NaN,
        "Operating Expense": NaN,
        "Other Operating Expenses": NaN,
        "Depreciation Amortization Depletion Income Statement": NaN,
        "Depreciation And Amortization In Income Statement": NaN,
        "Selling General And Administration": NaN,
        "Gross Profit": NaN,
        "Cost Of Revenue": NaN,
        "Total Revenue": NaN,
        "Operating Revenue": NaN
    },
    "2022-06-30": {
        "Tax Effect Of Unusual Items": 0.0,
        "Tax Rate For Calcs": 0.4,
        "Normalized EBITDA": 11100000.0,
        "Total Unusual Items": 0.0,
        "Total Unusual Items Excluding Goodwill": 0.0,
        "Net Income From Continuing Operation Net Minority Interest": -12400000.0,
        "Reconciled Depreciation": 10500000.0,
        "Reconciled Cost Of Revenue": 338300000.0,
        "EBITDA": 11100000.0,
        "EBIT": 600000.0,
        "Net Interest Income": -12500000.0,
        "Interest Expense": 12500000.0,
        "Normalized Income": -12400000.0,
        "Net Income From Continuing And Discontinued Operation": -12400000.0,
        "Total Expenses": 392600000.0,
        "Total Operating Income As Reported": -400000.0,
        "Diluted Average Shares": 77500000.0,
        "Basic Average Shares": 77500000.0,
        "Diluted EPS": -0.18,
        "Basic EPS": -0.18,
        "Diluted NI Availto Com Stockholders": -13600000.0,
        "Net Income Common Stockholders": -13600000.0,
        "Preferred Stock Dividends": 1200000.0,
        "Net Income": -12400000.0,
        "Minority Interests": 1500000.0,
        "Net Income Including Noncontrolling Interests": -13900000.0,
        "Net Income Discontinuous Operations": 0.0,
        "Net Income Continuous Operations": -13900000.0,
        "Tax Provision": 2000000.0,
        "Pretax Income": -11900000.0,
        "Other Income Expense": 1000000.0,
        "Other Non Operating Income Expenses": 1500000.0,
        "Special Income Charges": 0.0,
        "Earnings From Equity Interest": -500000.0,
        "Net Non Operating Interest Income Expense": -12500000.0,
        "Interest Expense Non Operating": 12500000.0,
        "Operating Income": -400000.0,
        "Operating Expense": 50700000.0,
        "Other Operating Expenses": 1700000.0,
        "Depreciation Amortization Depletion Income Statement": 6900000.0,
        "Depreciation And Amortization In Income Statement": 6900000.0,
        "Selling General And Administration": 42100000.0,
        "Gross Profit": 50300000.0,
        "Cost Of Revenue": 341900000.0,
        "Total Revenue": 392200000.0,
        "Operating Revenue": 392200000.0
    },
    "2022-03-31": {
        "Diluted EPS": -0.18,
        "Total Revenue": 413,
        "Gross Profit": 50,
        "Operating Income": 1,
        "EBIT": 13,
        "Net Income": -14
    },
    "2021-12-31": {
        "Diluted EPS": -0.07,
        "Total Revenue": 395,
        "Gross Profit": 62,
        "Operating Income": 7,
        "EBIT": 20,
        "Net Income": -5
    },
    "2021-09-30": {
        "Diluted EPS": -2.75,
        "Total Revenue": 395,
        "Gross Profit": 55,
        "Operating Income": 1,
        "EBIT": 14,
        "Net Income": -213
    },
    "2021-06-30": {
        "Diluted EPS": -0.31,
        "Total Revenue": 244,
        "Gross Profit": 36,
        "Operating Income": -8,
        "EBIT": 1,
        "Net Income": -24
    },
    "2021-03-31": {
        "Diluted EPS": 0.15,
        "Total Revenue": 172,
        "Gross Profit": 31,
        "Operating Income": -11,
        "EBIT": 3,
        "Net Income": 12
    },
    "2020-12-31": {
        "Diluted EPS": -0.11,
        "Total Revenue": 252,
        "Gross Profit": 111,
        "Operating Income": 26,
        "EBIT": 37,
        "Net Income": -7
    },
    "2020-09-30": {
        "Diluted EPS": -0.37,
        "Total Revenue": 171,
        "Gross Profit": 32,
        "Operating Income": -16,
        "EBIT": -6,
        "Net Income": -18
    },
    "2020-06-30": {
        "Diluted EPS": 0.25,
        "Total Revenue": 182,
        "Gross Profit": 30,
        "Operating Income": -9,
        "EBIT": 1,
        "Net Income": 13
    },
    "2020-03-31": {
        "Diluted EPS": -1.82,
        "Total Revenue": 187,
        "Gross Profit": 30,
        "Operating Income": -14,
        "EBIT": -4,
        "Net Income": -84
    },
    "2019-12-31": {
        "Diluted EPS": -0.7,
        "Total Revenue": 248,
        "Gross Profit": 118,
        "Operating Income": -40,
        "EBIT": -37,
        "Net Income": -31
    },
    "2019-09-30": {
        "Diluted EPS": -0.16,
        "Total Revenue": 428,
        "Gross Profit": 126,
        "Operating Income": 8,
        "EBIT": 18,
        "Net Income": -8
    },
    "2019-06-30": {
        "Diluted EPS": 0.12,
        "Total Revenue": 479,
        "Gross Profit": 129,
        "Operating Income": 34,
        "EBIT": 43,
        "Net Income": 9
    },
    "2019-03-31": {
        "Diluted EPS": -0.05,
        "Total Revenue": 449,
        "Gross Profit": 125,
        "Operating Income": 26,
        "EBIT": 32,
        "Net Income": -2
    },
    "2018-12-31": {
        "Diluted EPS": -0.34,
        "Total Revenue": 525,
        "Gross Profit": 119,
        "Operating Income": -12,
        "EBIT": 0,
        "Net Income": -16
    },
    "2018-09-30": {
        "Diluted EPS": 2.97,
        "Total Revenue": 501,
        "Gross Profit": 99,
        "Operating Income": -24,
        "EBIT": -13,
        "Net Income": 153
    },
    "2018-06-30": {
        "Diluted EPS": 1.08,
        "Total Revenue": 497,
        "Gross Profit": 96,
        "Operating Income": -6,
        "EBIT": 7,
        "Net Income": 55
    },
    "2018-03-31": {
        "Diluted EPS": -0.81,
        "Total Revenue": 454,
        "Gross Profit": 78,
        "Operating Income": -14,
        "EBIT": 3,
        "Net Income": -36
    },
    "2017-12-31": {
        "Diluted EPS": -0.2,
        "Total Revenue": 458,
        "Gross Profit": 93,
        "Operating Income": -1,
        "EBIT": 13,
        "Net Income": -9
    },
    "2017-09-30": {
        "Diluted EPS": -0.16,
        "Total Revenue": 406,
        "Gross Profit": 82,
        "Operating Income": 11,
        "EBIT": 22,
        "Net Income": -7
    },
    "2017-06-30": {
        "Diluted EPS": -0.44,
        "Total Revenue": 379,
        "Gross Profit": 70,
        "Operating Income": -11,
        "EBIT": 0,
        "Net Income": -19
    },
    "2017-03-31": {
        "Diluted EPS": -0.36,
        "Total Revenue": 391,
        "Gross Profit": 76,
        "Operating Income": 1,
        "EBIT": 15,
        "Net Income": -15
    },
    "2016-12-31": {
        "Diluted EPS": -1.76,
        "Total Revenue": 454,
        "Gross Profit": 93,
        "Operating Income": 5,
        "EBIT": 18,
        "Net Income": -67
    },
    "2016-09-30": {
        "Diluted EPS": -0.2,
        "Total Revenue": 413,
        "Gross Profit": 79,
        "Operating Income": 7,
        "EBIT": 16,
        "Net Income": -8
    },
    "2016-06-30": {
        "Diluted EPS": 0.02,
        "Total Revenue": 359,
        "Gross Profit": 75,
        "Operating Income": 6,
        "EBIT": 15,
        "Net Income": 1
    },
    "2016-03-31": {
        "Diluted EPS": -0.89,
        "Total Revenue": 332,
        "Gross Profit": 57,
        "Operating Income": -19,
        "EBIT": -8,
        "Net Income": -32
    },
    "2015-12-31": {
        "Diluted EPS": -0.42,
        "Total Revenue": 361,
        "Gross Profit": 36,
        "Operating Income": -4,
        "EBIT": 5,
        "Net Income": -13
    },
    "2015-09-30": {
        "Diluted EPS": -0.35,
        "Total Revenue": 277,
        "Gross Profit": 37,
        "Operating Income": 2,
        "EBIT": 11,
        "Net Income": -9
    },
    "2015-06-30": {
        "Diluted EPS": -0.47,
        "Total Revenue": 281,
        "Gross Profit": 35,
        "Operating Income": 3,
        "EBIT": 11,
        "Net Income": -12
    },
    "2015-03-31": {
        "Diluted EPS": -0.26,
        "Total Revenue": 202,
        "Gross Profit": 29,
        "Operating Income": 0,
        "EBIT": 8,
        "Net Income": -6
    },
    "2014-12-31": {
        "Diluted EPS": 0.54,
        "Total Revenue": 224,
        "Gross Profit": 35,
        "Operating Income": -7,
        "EBIT": 0,
        "Net Income": 11
    },
    "2014-09-30": {
        "Diluted EPS": -0.79,
        "Total Revenue": 183,
        "Gross Profit": 22,
        "Operating Income": -3,
        "EBIT": 1,
        "Net Income": -18
    },
    "2014-06-30": {
        "Diluted EPS": -0.24,
        "Total Revenue": 97,
        "Gross Profit": 14,
        "Operating Income": 0,
        "EBIT": 2,
        "Net Income": -4
    },
    "2014-03-31": {
        "Diluted EPS": -0.34,
        "Total Revenue": 43,
        "Gross Profit": 2,
        "Operating Income": -4,
        "EBIT": -4,
        "Net Income": -5
    },
    "2013-12-31": {
        "Diluted EPS": -0.85,
        "Total Revenue": 52,
        "Gross Profit": 2,
        "Operating Income": -18,
        "EBIT": -7,
        "Net Income": -16
    },
    "2013-09-30": {
        "Diluted EPS": -0.48,
        "Total Revenue": 61,
        "Gross Profit": 2,
        "Operating Income": -4,
        "EBIT": -4,
        "Net Income": -7
    },
    "2013-06-30": {
        "Diluted EPS": 9.51,
        "Total Revenue": 59,
        "Gross Profit": 3,
        "Operating Income": -11,
        "EBIT": -6,
        "Net Income": 137
    },
    "2013-03-31": {
        "Diluted EPS": -0.23,
        "Total Revenue": 59,
        "Gross Profit": 3,
        "Operating Income": -6,
        "EBIT": 1,
        "Net Income": -3
    },
    "2012-12-31": {
        "Diluted EPS": -0.64,
        "Total Revenue": 235,
        "Gross Profit": -17,
        "Operating Income": -39,
        "EBIT": -21,
        "Net Income": -9
    },
    "2012-09-30": {
        "Diluted EPS": -1.81,
        "Total Revenue": NaN,
        "Gross Profit": NaN,
        "Operating Income": -4,
        "EBIT": 4,
        "Net Income": -25
    },
    "2012-06-30": {
        "Diluted EPS": 4.97,
        "Total Revenue": NaN,
        "Gross Profit": NaN,
        "Operating Income": -8,
        "EBIT": 15,
        "Net Income": 69
    },
    "2012-03-31": {
        "Diluted EPS": -0.5,
        "Total Revenue": 68,
        "Gross Profit": 34,
        "Operating Income": 0,
        "EBIT": 14,
        "Net Income": -7
    },
    "2011-12-31": {
        "Diluted EPS": -0.04,
        "Total Revenue": 46,
        "Gross Profit": -123,
        "Operating Income": -29,
        "EBIT": -13,
        "Net Income": -3
    },
    "2011-09-30": {
        "Diluted EPS": -0.73,
        "Total Revenue": 74,
        "Gross Profit": 38,
        "Operating Income": 2,
        "EBIT": 18,
        "Net Income": -10
    },
    "2011-06-30": {
        "Diluted EPS": -0.48,
        "Total Revenue": 75,
        "Gross Profit": 38,
        "Operating Income": -1,
        "EBIT": 16,
        "Net Income": -6
    },
    "2011-03-31": {
        "Diluted EPS": -1.73,
        "Total Revenue": 217,
        "Gross Profit": 70,
        "Operating Income": -13,
        "EBIT": 17,
        "Net Income": -19
    },
    "2010-12-31": {
        "Diluted EPS": -1.04,
        "Total Revenue": 189,
        "Gross Profit": 67,
        "Operating Income": 3,
        "EBIT": 18,
        "Net Income": -10
    },
    "2010-09-30": {
        "Diluted EPS": 0.52,
        "Total Revenue": 188,
        "Gross Profit": 67,
        "Operating Income": 2,
        "EBIT": 23,
        "Net Income": 5
    },
    "2010-06-30": {
        "Diluted EPS": -1.34,
        "Total Revenue": 195,
        "Gross Profit": 71,
        "Operating Income": 5,
        "EBIT": 24,
        "Net Income": -13
    },
    "2010-03-31": {
        "Diluted EPS": -0.1,
        "Total Revenue": 193,
        "Gross Profit": 71,
        "Operating Income": 3,
        "EBIT": 22,
        "Net Income": -1
    },
    "2009-12-31": {
        "Diluted EPS": 0.46,
        "Total Revenue": 203,
        "Gross Profit": 70,
        "Operating Income": 3,
        "EBIT": 23,
        "Net Income": 5
    },
    "2009-09-30": {
        "Diluted EPS": 2.38,
        "Total Revenue": 195,
        "Gross Profit": 68,
        "Operating Income": 2,
        "EBIT": 22,
        "Net Income": 434
    },
    "2009-06-30": {
        "Diluted EPS": 0.15,
        "Total Revenue": 196,
        "Gross Profit": 70,
        "Operating Income": 14,
        "EBIT": 21,
        "Net Income": 25
    },
    "2009-03-31": {
        "Diluted EPS": 0.08,
        "Total Revenue": 193,
        "Gross Profit": 65,
        "Operating Income": 14,
        "EBIT": 20,
        "Net Income": 14
    },
    "2023-06-30": {
        "Tax Effect Of Unusual Items": NaN,
        "Tax Rate For Calcs": NaN,
        "Normalized EBITDA": NaN,
        "Net Income From Continuing Operation Net Minority Interest": NaN,
        "Reconciled Depreciation": NaN,
        "Reconciled Cost Of Revenue": NaN,
        "EBITDA": NaN,
        "EBIT": NaN,
        "Net Interest Income": NaN,
        "Interest Expense": NaN,
        "Normalized Income": NaN,
        "Net Income From Continuing And Discontinued Operation": NaN,
        "Total Expenses": NaN,
        "Total Operating Income As Reported": NaN,
        "Diluted Average Shares": 7792224.0,
        "Basic Average Shares": 7792224.0,
        "Diluted EPS": -1.3,
        "Basic EPS": -1.3,
        "Diluted NI Availto Com Stockholders": NaN,
        "Net Income Common Stockholders": NaN,
        "Preferred Stock Dividends": NaN,
        "Net Income": NaN,
        "Minority Interests": NaN,
        "Net Income Including Noncontrolling Interests": NaN,
        "Net Income Continuous Operations": NaN,
        "Tax Provision": NaN,
        "Pretax Income": NaN,
        "Other Income Expense": NaN,
        "Other Non Operating Income Expenses": NaN,
        "Earnings From Equity Interest": NaN,
        "Net Non Operating Interest Income Expense": NaN,
        "Interest Expense Non Operating": NaN,
        "Operating Income": NaN,
        "Operating Expense": NaN,
        "Other Operating Expenses": NaN,
        "Depreciation Amortization Depletion Income Statement": NaN,
        "Depreciation And Amortization In Income Statement": NaN,
        "Selling General And Administration": NaN,
        "Gross Profit": NaN,
        "Cost Of Revenue": NaN,
        "Total Revenue": NaN,
        "Operating Revenue": NaN
    },
    "2023-09-30": {
        "Tax Effect Of Unusual Items": 0.0,
        "Tax Rate For Calcs": 0.21,
        "Normalized EBITDA": 17400000.0,
        "Net Income From Continuing Operation Net Minority Interest": -7000000.0,
        "Reconciled Depreciation": 7800000.0,
        "Reconciled Cost Of Revenue": 312800000.0,
        "EBITDA": 17400000.0,
        "EBIT": 9600000.0,
        "Net Interest Income": -17100000.0,
        "Interest Expense": 17100000.0,
        "Normalized Income": -7000000.0,
        "Net Income From Continuing And Discontinued Operation": -7000000.0,
        "Total Expenses": 364600000.0,
        "Total Operating Income As Reported": 10700000.0,
        "Diluted Average Shares": 7841847.0,
        "Basic Average Shares": 7841847.0,
        "Diluted EPS": -0.93,
        "Basic EPS": -0.93,
        "Diluted NI Availto Com Stockholders": -7300000.0,
        "Net Income Common Stockholders": -7300000.0,
        "Preferred Stock Dividends": 300000.0,
        "Net Income": -7000000.0,
        "Minority Interests": 1600000.0,
        "Net Income Including Noncontrolling Interests": -8600000.0,
        "Net Income Continuous Operations": -8600000.0,
        "Tax Provision": 1100000.0,
        "Pretax Income": -7500000.0,
        "Other Income Expense": -1100000.0,
        "Other Non Operating Income Expenses": 400000.0,
        "Earnings From Equity Interest": -1500000.0,
        "Net Non Operating Interest Income Expense": -17100000.0,
        "Interest Expense Non Operating": 17100000.0,
        "Operating Income": 10700000.0,
        "Operating Expense": 48000000.0,
        "Other Operating Expenses": 200000.0,
        "Depreciation Amortization Depletion Income Statement": 4000000.0,
        "Depreciation And Amortization In Income Statement": 4000000.0,
        "Selling General And Administration": 43800000.0,
        "Gross Profit": 58700000.0,
        "Cost Of Revenue": 316600000.0,
        "Total Revenue": 375300000.0,
        "Operating Revenue": 375300000.0
    },
    "2023-12-31": {
        "Tax Effect Of Unusual Items": 0.0,
        "Tax Rate For Calcs": 0.21,
        "Normalized EBITDA": 18200000.0,
        "Net Income From Continuing Operation Net Minority Interest": -9300000.0,
        "Reconciled Depreciation": 8300000.0,
        "Reconciled Cost Of Revenue": 295900000.0,
        "EBITDA": 18200000.0,
        "EBIT": 9900000.0,
        "Net Interest Income": -19200000.0,
        "Interest Expense": 19200000.0,
        "Normalized Income": -9300000.0,
        "Net Income From Continuing And Discontinued Operation": -9300000.0,
        "Total Expenses": 347000000.0,
        "Total Operating Income As Reported": 14000000.0,
        "Diluted Average Shares": NaN,
        "Basic Average Shares": NaN,
        "Diluted EPS": NaN,
        "Basic EPS": NaN,
        "Diluted NI Availto Com Stockholders": -9600000.0,
        "Net Income Common Stockholders": -9600000.0,
        "Preferred Stock Dividends": 300000.0,
        "Net Income": -9300000.0,
        "Minority Interests": 1300000.0,
        "Net Income Including Noncontrolling Interests": -10600000.0,
        "Net Income Continuous Operations": -10600000.0,
        "Tax Provision": 1300000.0,
        "Pretax Income": -9300000.0,
        "Other Income Expense": -4100000.0,
        "Other Non Operating Income Expenses": -16300000.0,
        "Earnings From Equity Interest": -3600000.0,
        "Net Non Operating Interest Income Expense": -19200000.0,
        "Interest Expense Non Operating": 19200000.0,
        "Operating Income": 14000000.0,
        "Operating Expense": 47100000.0,
        "Other Operating Expenses": 1400000.0,
        "Depreciation Amortization Depletion Income Statement": 4300000.0,
        "Depreciation And Amortization In Income Statement": 4300000.0,
        "Selling General And Administration": 41400000.0,
        "Gross Profit": 61100000.0,
        "Cost Of Revenue": 299900000.0,
        "Total Revenue": 361000000.0,
        "Operating Revenue": 361000000.0
    },
    "2024-03-31": {
        "Tax Effect Of Unusual Items": 0.0,
        "Tax Rate For Calcs": 0.21,
        "Normalized EBITDA": 8800000.0,
        "Net Income From Continuing Operation Net Minority Interest": -17400000.0,
        "Reconciled Depreciation": 8400000.0,
        "Reconciled Cost Of Revenue": 262600000.0,
        "EBITDA": 8800000.0,
        "EBIT": 400000.0,
        "Net Interest Income": -17200000.0,
        "Interest Expense": 17200000.0,
        "Normalized Income": -17400000.0,
        "Net Income From Continuing And Discontinued Operation": -17400000.0,
        "Total Expenses": 312400000.0,
        "Total Operating Income As Reported": 2800000.0,
        "Diluted Average Shares": 7870000.0,
        "Basic Average Shares": 7870000.0,
        "Diluted EPS": -2.2,
        "Basic EPS": -2.2,
        "Diluted NI Availto Com Stockholders": -17700000.0,
        "Net Income Common Stockholders": -17700000.0,
        "Preferred Stock Dividends": 300000.0,
        "Net Income": -17400000.0,
        "Minority Interests": 2700000.0,
        "Net Income Including Noncontrolling Interests": -20100000.0,
        "Net Income Continuous Operations": -20100000.0,
        "Tax Provision": 3300000.0,
        "Pretax Income": -16800000.0,
        "Other Income Expense": -2400000.0,
        "Other Non Operating Income Expenses": -1200000.0,
        "Earnings From Equity Interest": -1200000.0,
        "Net Non Operating Interest Income Expense": -17200000.0,
        "Interest Expense Non Operating": 17200000.0,
        "Operating Income": 2800000.0,
        "Operating Expense": 45800000.0,
        "Other Operating Expenses": 1900000.0,
        "Depreciation Amortization Depletion Income Statement": 4400000.0,
        "Depreciation And Amortization In Income Statement": 4400000.0,
        "Selling General And Administration": 39500000.0,
        "Gross Profit": 48600000.0,
        "Cost Of Revenue": 266600000.0,
        "Total Revenue": 315200000.0,
        "Operating Revenue": 315200000.0
    },
    "2024-06-30": {
        "Tax Effect Of Unusual Items": 0.0,
        "Tax Rate For Calcs": 0.21,
        "Normalized EBITDA": 36200000.0,
        "Net Income From Continuing Operation Net Minority Interest": 14400000.0,
        "Reconciled Depreciation": 8300000.0,
        "Reconciled Cost Of Revenue": 243600000.0,
        "EBITDA": 36200000.0,
        "EBIT": 27900000.0,
        "Net Interest Income": -16500000.0,
        "Interest Expense": 16500000.0,
        "Normalized Income": 14400000.0,
        "Net Income From Continuing And Discontinued Operation": 14400000.0,
        "Total Expenses": 284300000.0,
        "Total Operating Income As Reported": 28800000.0,
        "Diluted Average Shares": 14425755.0,
        "Basic Average Shares": 8920485.0,
        "Diluted EPS": 1.0,
        "Basic EPS": 1.1,
        "Diluted NI Availto Com Stockholders": 14100000.0,
        "Net Income Common Stockholders": 14100000.0,
        "Preferred Stock Dividends": 300000.0,
        "Net Income": 14400000.0,
        "Minority Interests": 500000.0,
        "Net Income Including Noncontrolling Interests": 13900000.0,
        "Net Income Continuous Operations": 13900000.0,
        "Tax Provision": -2500000.0,
        "Pretax Income": 11400000.0,
        "Other Income Expense": -900000.0,
        "Other Non Operating Income Expenses": 200000.0,
        "Earnings From Equity Interest": -1100000.0,
        "Net Non Operating Interest Income Expense": -16500000.0,
        "Interest Expense Non Operating": 16500000.0,
        "Operating Income": 28800000.0,
        "Operating Expense": 36800000.0,
        "Other Operating Expenses": -10500000.0,
        "Depreciation Amortization Depletion Income Statement": 4400000.0,
        "Depreciation And Amortization In Income Statement": 4400000.0,
        "Selling General And Administration": 42900000.0,
        "Gross Profit": 65600000.0,
        "Cost Of Revenue": 247500000.0,
        "Total Revenue": 313100000.0,
        "Operating Revenue": 313100000.0
    },
    "2024-09-30": {
        "Tax Effect Of Unusual Items": 0.0,
        "Tax Rate For Calcs": 0.21,
        "Normalized EBITDA": 16200000.0,
        "Net Income From Continuing Operation Net Minority Interest": -15000000.0,
        "Reconciled Depreciation": 8100000.0,
        "Reconciled Cost Of Revenue": 190300000.0,
        "EBITDA": 16200000.0,
        "EBIT": 8100000.0,
        "Net Interest Income": -21200000.0,
        "Interest Expense": 21200000.0,
        "Normalized Income": -15000000.0,
        "Net Income From Continuing And Discontinued Operation": -15000000.0,
        "Total Expenses": 236300000.0,
        "Total Operating Income As Reported": 5900000.0,
        "Diluted Average Shares": 12966322.0,
        "Basic Average Shares": 12966322.0,
        "Diluted EPS": -1.18,
        "Basic EPS": -1.18,
        "Diluted NI Availto Com Stockholders": -15300000.0,
        "Net Income Common Stockholders": -15300000.0,
        "Preferred Stock Dividends": 300000.0,
        "Net Income": -15000000.0,
        "Minority Interests": 1200000.0,
        "Net Income Including Noncontrolling Interests": -16200000.0,
        "Net Income Continuous Operations": -16200000.0,
        "Tax Provision": 3100000.0,
        "Pretax Income": -13100000.0,
        "Other Income Expense": 2200000.0,
        "Other Non Operating Income Expenses": 2200000.0,
        "Earnings From Equity Interest": 0.0,
        "Net Non Operating Interest Income Expense": -21200000.0,
        "Interest Expense Non Operating": 21200000.0,
        "Operating Income": 5900000.0,
        "Operating Expense": 42300000.0,
        "Other Operating Expenses": 500000.0,
        "Depreciation Amortization Depletion Income Statement": 4400000.0,
        "Depreciation And Amortization In Income Statement": 4400000.0,
        "Selling General And Administration": 37400000.0,
        "Gross Profit": 48200000.0,
        "Cost Of Revenue": 194000000.0,
        "Total Revenue": 242200000.0,
        "Operating Revenue": 242200000.0
    }
}