{
    "2023-03-31": {
        "Tax Effect Of Unusual Items": NaN,
        "Tax Rate For Calcs": NaN,
        "Normalized EBITDA": NaN,
        "Total Unusual Items": NaN,
        "Total Unusual Items Excluding Goodwill": NaN,
        "Net Income From Continuing Operation Net Minority Interest": NaN,
        "Reconciled Depreciation": NaN,
        "Reconciled Cost Of Revenue": NaN,
        "EBITDA": NaN,
        "EBIT": NaN,
        "Net Interest Income": NaN,
        "Interest Expense": NaN,
        "Interest Income": NaN,
        "Normalized Income": NaN,
        "Net Income From Continuing And Discontinued Operation": NaN,
        "Total Expenses": NaN,
        "Total Operating Income As Reported": NaN,
        "Diluted Average Shares": NaN,
        "Basic Average Shares": NaN,
        "Diluted EPS": NaN,
        "Basic EPS": NaN,
        "Diluted NI Availto Com Stockholders": NaN,
        "Net Income Common Stockholders": NaN,
        "Net Income": NaN,
        "Net Income Including Noncontrolling Interests": NaN,
        "Net Income Continuous Operations": NaN,
        "Tax Provision": NaN,
        "Pretax Income": NaN,
        "Other Income Expense": NaN,
        "Special Income Charges": NaN,
        "Other Special Charges": NaN,
        "Restructuring And Mergern Acquisition": NaN,
        "Net Non Operating Interest Income Expense": NaN,
        "Total Other Finance Cost": NaN,
        "Interest Expense Non Operating": NaN,
        "Interest Income Non Operating": NaN,
        "Operating Income": NaN,
        "Operating Expense": NaN,
        "Depreciation Amortization Depletion Income Statement": NaN,
        "Depreciation And Amortization In Income Statement": NaN,
        "Selling General And Administration": NaN,
        "General And Administrative Expense": NaN,
        "Other Gand A": NaN,
        "Salaries And Wages": 33145000.0,
        "Gross Profit": NaN,
        "Cost Of Revenue": NaN,
        "Total Revenue": NaN,
        "Operating Revenue": NaN
    },
    "2022-12-31": {
        "Tax Effect Of Unusual Items": NaN,
        "Tax Rate For Calcs": NaN,
        "Normalized EBITDA": NaN,
        "Total Unusual Items": NaN,
        "Total Unusual Items Excluding Goodwill": NaN,
        "Net Income From Continuing Operation Net Minority Interest": NaN,
        "Reconciled Depreciation": NaN,
        "Reconciled Cost Of Revenue": NaN,
        "EBITDA": NaN,
        "EBIT": NaN,
        "Net Interest Income": NaN,
        "Interest Expense": NaN,
        "Interest Income": NaN,
        "Normalized Income": NaN,
        "Net Income From Continuing And Discontinued Operation": NaN,
        "Total Expenses": NaN,
        "Total Operating Income As Reported": NaN,
        "Diluted Average Shares": NaN,
        "Basic Average Shares": NaN,
        "Diluted EPS": NaN,
        "Basic EPS": NaN,
        "Diluted NI Availto Com Stockholders": NaN,
        "Net Income Common Stockholders": NaN,
        "Net Income": NaN,
        "Net Income Including Noncontrolling Interests": NaN,
        "Net Income Continuous Operations": NaN,
        "Tax Provision": NaN,
        "Pretax Income": NaN,
        "Other Income Expense": NaN,
        "Special Income Charges": NaN,
        "Other Special Charges": -239000.0,
        "Restructuring And Mergern Acquisition": NaN,
        "Net Non Operating Interest Income Expense": NaN,
        "Total Other Finance Cost": NaN,
        "Interest Expense Non Operating": NaN,
        "Interest Income Non Operating": NaN,
        "Operating Income": NaN,
        "Operating Expense": NaN,
        "Depreciation Amortization Depletion Income Statement": NaN,
        "Depreciation And Amortization In Income Statement": NaN,
        "Selling General And Administration": NaN,
        "General And Administrative Expense": NaN,
        "Other Gand A": NaN,
        "Salaries And Wages": NaN,
        "Gross Profit": NaN,
        "Cost Of Revenue": NaN,
        "Total Revenue": NaN,
        "Operating Revenue": NaN
    },
    "2022-09-30": {
        "Tax Effect Of Unusual Items": NaN,
        "Tax Rate For Calcs": NaN,
        "Normalized EBITDA": NaN,
        "Total Unusual Items": NaN,
        "Total Unusual Items Excluding Goodwill": NaN,
        "Net Income From Continuing Operation Net Minority Interest": NaN,
        "Reconciled Depreciation": NaN,
        "Reconciled Cost Of Revenue": NaN,
        "EBITDA": NaN,
        "EBIT": NaN,
        "Net Interest Income": NaN,
        "Interest Expense": NaN,
        "Interest Income": NaN,
        "Normalized Income": NaN,
        "Net Income From Continuing And Discontinued Operation": NaN,
        "Total Expenses": NaN,
        "Total Operating Income As Reported": NaN,
        "Diluted Average Shares": NaN,
        "Basic Average Shares": NaN,
        "Diluted EPS": NaN,
        "Basic EPS": NaN,
        "Diluted NI Availto Com Stockholders": NaN,
        "Net Income Common Stockholders": NaN,
        "Net Income": NaN,
        "Net Income Including Noncontrolling Interests": NaN,
        "Net Income Continuous Operations": NaN,
        "Tax Provision": NaN,
        "Pretax Income": NaN,
        "Other Income Expense": NaN,
        "Special Income Charges": NaN,
        "Other Special Charges": 369000.0,
        "Restructuring And Mergern Acquisition": NaN,
        "Net Non Operating Interest Income Expense": NaN,
        "Total Other Finance Cost": NaN,
        "Interest Expense Non Operating": NaN,
        "Interest Income Non Operating": NaN,
        "Operating Income": NaN,
        "Operating Expense": NaN,
        "Depreciation Amortization Depletion Income Statement": NaN,
        "Depreciation And Amortization In Income Statement": NaN,
        "Selling General And Administration": NaN,
        "General And Administrative Expense": NaN,
        "Other Gand A": NaN,
        "Salaries And Wages": 36162000.0,
        "Gross Profit": NaN,
        "Cost Of Revenue": NaN,
        "Total Revenue": NaN,
        "Operating Revenue": NaN
    },
    "2022-06-30": {
        "Tax Effect Of Unusual Items": 6260145.149769,
        "Tax Rate For Calcs": 0.245631,
        "Normalized EBITDA": 103635000.0,
        "Total Unusual Items": 25486000.0,
        "Total Unusual Items Excluding Goodwill": 25486000.0,
        "Net Income From Continuing Operation Net Minority Interest": 79205000.0,
        "Reconciled Depreciation": 10758000.0,
        "Reconciled Cost Of Revenue": 98450000.0,
        "EBITDA": 129121000.0,
        "EBIT": 118363000.0,
        "Net Interest Income": -13368000.0,
        "Interest Expense": 13368000.0,
        "Interest Income": NaN,
        "Normalized Income": 59979145.149769,
        "Net Income From Continuing And Discontinued Operation": 79205000.0,
        "Total Expenses": 123129000.0,
        "Total Operating Income As Reported": 119326000.0,
        "Diluted Average Shares": 72867000.0,
        "Basic Average Shares": 68521000.0,
        "Diluted EPS": 1.09,
        "Basic EPS": 1.16,
        "Diluted NI Availto Com Stockholders": 79205000.0,
        "Net Income Common Stockholders": 79205000.0,
        "Net Income": 79205000.0,
        "Net Income Including Noncontrolling Interests": 79205000.0,
        "Net Income Continuous Operations": 79205000.0,
        "Tax Provision": 25790000.0,
        "Pretax Income": 104995000.0,
        "Other Income Expense": 25486000.0,
        "Special Income Charges": 25486000.0,
        "Other Special Charges": 963000.0,
        "Restructuring And Mergern Acquisition": -26449000.0,
        "Gain On Sale Of Security": -52000.0,
        "Net Non Operating Interest Income Expense": -13368000.0,
        "Total Other Finance Cost": 807000.0,
        "Interest Expense Non Operating": 13368000.0,
        "Interest Income Non Operating": NaN,
        "Operating Income": 92877000.0,
        "Operating Expense": 24679000.0,
        "Depreciation Amortization Depletion Income Statement": 10758000.0,
        "Depreciation And Amortization In Income Statement": 10758000.0,
        "Selling General And Administration": 13921000.0,
        "General And Administrative Expense": 13921000.0,
        "Other Gand A": 13921000.0,
        "Salaries And Wages": NaN,
        "Gross Profit": 117556000.0,
        "Cost Of Revenue": 98450000.0,
        "Total Revenue": 216006000.0,
        "Operating Revenue": 216006000.0
    },
    "2022-03-31": {
        "Diluted EPS": 0.97,
        "Total Revenue": 230,
        "Gross Profit": 230,
        "Operating Income": 102,
        "EBIT": 112,
        "Net Income": 71
    },
    "2021-12-31": {
        "Diluted EPS": 0.94,
        "Total Revenue": 229,
        "Gross Profit": 229,
        "Operating Income": 90,
        "EBIT": 95,
        "Net Income": 70
    },
    "2021-09-30": {
        "Diluted EPS": 1.0,
        "Total Revenue": 226,
        "Gross Profit": 226,
        "Operating Income": 99,
        "EBIT": 103,
        "Net Income": 74
    },
    "2021-06-30": {
        "Diluted EPS": 0.93,
        "Total Revenue": 222,
        "Gross Profit": 222,
        "Operating Income": 95,
        "EBIT": 100,
        "Net Income": 69
    },
    "2021-03-31": {
        "Diluted EPS": 0.88,
        "Total Revenue": 213,
        "Gross Profit": 213,
        "Operating Income": 90,
        "EBIT": 94,
        "Net Income": 65
    },
    "2020-12-31": {
        "Diluted EPS": 0.74,
        "Total Revenue": 200,
        "Gross Profit": 200,
        "Operating Income": 78,
        "EBIT": 82,
        "Net Income": 55
    },
    "2020-09-30": {
        "Diluted EPS": 0.76,
        "Total Revenue": 189,
        "Gross Profit": 189,
        "Operating Income": 81,
        "EBIT": 85,
        "Net Income": 56
    },
    "2020-06-30": {
        "Diluted EPS": 0.61,
        "Total Revenue": 182,
        "Gross Profit": 182,
        "Operating Income": 66,
        "EBIT": 70,
        "Net Income": 45
    },
    "2020-03-31": {
        "Diluted EPS": 0.77,
        "Total Revenue": 204,
        "Gross Profit": 204,
        "Operating Income": 91,
        "EBIT": 95,
        "Net Income": 57
    },
    "2019-12-31": {
        "Diluted EPS": 0.51,
        "Total Revenue": 219,
        "Gross Profit": 219,
        "Operating Income": 64,
        "EBIT": 70,
        "Net Income": 38
    },
    "2019-09-30": {
        "Diluted EPS": 0.35,
        "Total Revenue": 215,
        "Gross Profit": 215,
        "Operating Income": 56,
        "EBIT": 63,
        "Net Income": 26
    },
    "2019-06-30": {
        "Diluted EPS": 0.2,
        "Total Revenue": 91,
        "Gross Profit": 91,
        "Operating Income": 23,
        "EBIT": 28,
        "Net Income": 14
    },
    "2019-03-31": {
        "Diluted EPS": 0.2,
        "Total Revenue": 87,
        "Gross Profit": 87,
        "Operating Income": 22,
        "EBIT": 27,
        "Net Income": 15
    },
    "2018-12-31": {
        "Diluted EPS": 0.19,
        "Total Revenue": 96,
        "Gross Profit": 96,
        "Operating Income": 26,
        "EBIT": 31,
        "Net Income": 14
    },
    "2018-09-30": {
        "Diluted EPS": 0.29,
        "Total Revenue": 108,
        "Gross Profit": 108,
        "Operating Income": 32,
        "EBIT": 37,
        "Net Income": 21
    },
    "2018-06-30": {
        "Diluted EPS": 0.26,
        "Total Revenue": 104,
        "Gross Profit": 104,
        "Operating Income": 30,
        "EBIT": 36,
        "Net Income": 19
    },
    "2018-03-31": {
        "Diluted EPS": 0.16,
        "Total Revenue": 105,
        "Gross Profit": 105,
        "Operating Income": 27,
        "EBIT": 34,
        "Net Income": 11
    },
    "2017-12-31": {
        "Diluted EPS": 0.19,
        "Total Revenue": 106,
        "Gross Profit": 106,
        "Operating Income": 27,
        "EBIT": 40,
        "Net Income": 11
    },
    "2017-09-30": {
        "Diluted EPS": 0.13,
        "Total Revenue": 102,
        "Gross Profit": 102,
        "Operating Income": 24,
        "EBIT": 31,
        "Net Income": 8
    },
    "2017-06-30": {
        "Diluted EPS": 0.04,
        "Total Revenue": 101,
        "Gross Profit": 101,
        "Operating Income": 19,
        "EBIT": 28,
        "Net Income": 2
    },
    "2017-03-31": {
        "Diluted EPS": 0.08,
        "Total Revenue": 101,
        "Gross Profit": 101,
        "Operating Income": 20,
        "EBIT": 28,
        "Net Income": 4
    },
    "2016-12-31": {
        "Diluted EPS": 0.0,
        "Total Revenue": NaN,
        "Gross Profit": NaN,
        "Operating Income": NaN,
        "EBIT": NaN,
        "Net Income": NaN
    },
    "2015-12-31": {
        "Diluted EPS": 0.0,
        "Total Revenue": NaN,
        "Gross Profit": NaN,
        "Operating Income": NaN,
        "EBIT": NaN,
        "Net Income": NaN
    },
    "2023-06-30": {
        "Tax Effect Of Unusual Items": NaN,
        "Tax Rate For Calcs": NaN,
        "Normalized EBITDA": NaN,
        "Total Unusual Items": NaN,
        "Total Unusual Items Excluding Goodwill": NaN,
        "Net Income From Continuing Operation Net Minority Interest": NaN,
        "Reconciled Depreciation": NaN,
        "Reconciled Cost Of Revenue": NaN,
        "EBITDA": NaN,
        "EBIT": NaN,
        "Net Interest Income": NaN,
        "Interest Expense": NaN,
        "Interest Income": NaN,
        "Normalized Income": NaN,
        "Net Income From Continuing And Discontinued Operation": NaN,
        "Total Expenses": NaN,
        "Total Operating Income As Reported": NaN,
        "Diluted Average Shares": NaN,
        "Basic Average Shares": NaN,
        "Diluted EPS": NaN,
        "Basic EPS": NaN,
        "Diluted NI Availto Com Stockholders": NaN,
        "Net Income Common Stockholders": NaN,
        "Net Income": NaN,
        "Net Income Including Noncontrolling Interests": NaN,
        "Net Income Continuous Operations": NaN,
        "Tax Provision": NaN,
        "Pretax Income": NaN,
        "Other Income Expense": NaN,
        "Special Income Charges": NaN,
        "Other Special Charges": NaN,
        "Restructuring And Mergern Acquisition": NaN,
        "Net Non Operating Interest Income Expense": NaN,
        "Total Other Finance Cost": NaN,
        "Interest Expense Non Operating": NaN,
        "Interest Income Non Operating": NaN,
        "Operating Income": NaN,
        "Operating Expense": NaN,
        "Depreciation Amortization Depletion Income Statement": NaN,
        "Depreciation And Amortization In Income Statement": NaN,
        "Selling General And Administration": NaN,
        "General And Administrative Expense": NaN,
        "Other Gand A": NaN,
        "Salaries And Wages": 32092000.0,
        "Gross Profit": NaN,
        "Cost Of Revenue": NaN,
        "Total Revenue": NaN,
        "Operating Revenue": NaN
    },
    "2023-09-30": {
        "Tax Effect Of Unusual Items": -2258035.70941,
        "Tax Rate For Calcs": 0.211071,
        "Normalized EBITDA": 108885000.0,
        "Total Unusual Items": -10698000.0,
        "Total Unusual Items Excluding Goodwill": -10698000.0,
        "Net Income From Continuing Operation Net Minority Interest": 52007000.0,
        "Reconciled Depreciation": 12333000.0,
        "Reconciled Cost Of Revenue": 58655000.0,
        "EBITDA": 98187000.0,
        "EBIT": 85854000.0,
        "Net Interest Income": -14128000.0,
        "Interest Expense": 19933000.0,
        "Interest Income": 6567000.0,
        "Normalized Income": 60446964.29059,
        "Net Income From Continuing And Discontinued Operation": 52007000.0,
        "Total Expenses": 118941000.0,
        "Total Operating Income As Reported": 80049000.0,
        "Diluted Average Shares": 67676000.0,
        "Basic Average Shares": 65774000.0,
        "Diluted EPS": 0.77,
        "Basic EPS": 0.79,
        "Diluted NI Availto Com Stockholders": 52007000.0,
        "Net Income Common Stockholders": 52007000.0,
        "Net Income": 52007000.0,
        "Net Income Including Noncontrolling Interests": 52007000.0,
        "Net Income Continuous Operations": 52007000.0,
        "Tax Provision": 13914000.0,
        "Pretax Income": 65921000.0,
        "Other Income Expense": -10698000.0,
        "Special Income Charges": -10698000.0,
        "Other Special Charges": NaN,
        "Restructuring And Mergern Acquisition": 10698000.0,
        "Net Non Operating Interest Income Expense": -14128000.0,
        "Total Other Finance Cost": 762000.0,
        "Interest Expense Non Operating": 19933000.0,
        "Interest Income Non Operating": 6567000.0,
        "Operating Income": 90747000.0,
        "Operating Expense": 60286000.0,
        "Depreciation Amortization Depletion Income Statement": 12333000.0,
        "Depreciation And Amortization In Income Statement": 12333000.0,
        "Selling General And Administration": 47953000.0,
        "General And Administrative Expense": 47953000.0,
        "Other Gand A": 13947000.0,
        "Salaries And Wages": 34006000.0,
        "Gross Profit": 151033000.0,
        "Cost Of Revenue": 58655000.0,
        "Total Revenue": 209688000.0,
        "Operating Revenue": 209688000.0
    },
    "2023-12-31": {
        "Tax Effect Of Unusual Items": -1096887.29904,
        "Tax Rate For Calcs": 0.249123,
        "Normalized EBITDA": 106214000.0,
        "Total Unusual Items": -4403000.0,
        "Total Unusual Items Excluding Goodwill": -4403000.0,
        "Net Income From Continuing Operation Net Minority Interest": 55206000.0,
        "Reconciled Depreciation": 7984000.0,
        "Reconciled Cost Of Revenue": 189630000.0,
        "EBITDA": 101811000.0,
        "EBIT": 93827000.0,
        "Net Interest Income": -12796000.0,
        "Interest Expense": 20305000.0,
        "Interest Income": 8272000.0,
        "Normalized Income": 58512112.70096,
        "Net Income From Continuing And Discontinued Operation": 55206000.0,
        "Total Expenses": 115073000.0,
        "Total Operating Income As Reported": 86318000.0,
        "Diluted Average Shares": 66935000.0,
        "Basic Average Shares": 65309000.0,
        "Diluted EPS": 0.82,
        "Basic EPS": 0.85,
        "Diluted NI Availto Com Stockholders": 55206000.0,
        "Net Income Common Stockholders": 55206000.0,
        "Net Income": 55206000.0,
        "Net Income Including Noncontrolling Interests": 55206000.0,
        "Net Income Continuous Operations": 55206000.0,
        "Tax Provision": 18316000.0,
        "Pretax Income": 73522000.0,
        "Other Income Expense": -4403000.0,
        "Special Income Charges": -4403000.0,
        "Other Special Charges": NaN,
        "Restructuring And Mergern Acquisition": 4403000.0,
        "Net Non Operating Interest Income Expense": -12796000.0,
        "Total Other Finance Cost": 763000.0,
        "Interest Expense Non Operating": 20305000.0,
        "Interest Income Non Operating": 8272000.0,
        "Operating Income": 90721000.0,
        "Operating Expense": -74557000.0,
        "Depreciation Amortization Depletion Income Statement": 7984000.0,
        "Depreciation And Amortization In Income Statement": 7984000.0,
        "Selling General And Administration": -82541000.0,
        "General And Administrative Expense": -82541000.0,
        "Other Gand A": 16702000.0,
        "Salaries And Wages": NaN,
        "Gross Profit": 16164000.0,
        "Cost Of Revenue": 189630000.0,
        "Total Revenue": 205794000.0,
        "Operating Revenue": 205794000.0
    },
    "2024-03-31": {
        "Tax Effect Of Unusual Items": -3086550.0,
        "Tax Rate For Calcs": 0.225,
        "Normalized EBITDA": 113092000.0,
        "Total Unusual Items": -13718000.0,
        "Total Unusual Items Excluding Goodwill": -13718000.0,
        "Net Income From Continuing Operation Net Minority Interest": 55691000.0,
        "Reconciled Depreciation": 7601000.0,
        "Reconciled Cost Of Revenue": 60739000.0,
        "EBITDA": 99374000.0,
        "EBIT": 91773000.0,
        "Net Interest Income": -12921000.0,
        "Interest Expense": 19885000.0,
        "Interest Income": 7719000.0,
        "Normalized Income": 66322450.0,
        "Net Income From Continuing And Discontinued Operation": 55691000.0,
        "Total Expenses": 117330000.0,
        "Total Operating Income As Reported": 84809000.0,
        "Diluted Average Shares": 65972000.0,
        "Basic Average Shares": 64389000.0,
        "Diluted EPS": 0.84,
        "Basic EPS": 0.86,
        "Diluted NI Availto Com Stockholders": 55691000.0,
        "Net Income Common Stockholders": 55691000.0,
        "Net Income": 55691000.0,
        "Net Income Including Noncontrolling Interests": 55691000.0,
        "Net Income Continuous Operations": 55691000.0,
        "Tax Provision": 16197000.0,
        "Pretax Income": 71888000.0,
        "Other Income Expense": -13718000.0,
        "Special Income Charges": -13718000.0,
        "Other Special Charges": NaN,
        "Restructuring And Mergern Acquisition": 13718000.0,
        "Net Non Operating Interest Income Expense": -12921000.0,
        "Total Other Finance Cost": 755000.0,
        "Interest Expense Non Operating": 19885000.0,
        "Interest Income Non Operating": 7719000.0,
        "Operating Income": 98527000.0,
        "Operating Expense": 56591000.0,
        "Depreciation Amortization Depletion Income Statement": 7601000.0,
        "Depreciation And Amortization In Income Statement": 7601000.0,
        "Selling General And Administration": 48990000.0,
        "General And Administrative Expense": 48990000.0,
        "Other Gand A": 14012000.0,
        "Salaries And Wages": 34978000.0,
        "Gross Profit": 155118000.0,
        "Cost Of Revenue": 60739000.0,
        "Total Revenue": 215857000.0,
        "Operating Revenue": 215857000.0
    },
    "2024-06-30": {
        "Tax Effect Of Unusual Items": 1112850.0,
        "Tax Rate For Calcs": 0.225,
        "Normalized EBITDA": 118012000.0,
        "Total Unusual Items": 4946000.0,
        "Total Unusual Items Excluding Goodwill": 4946000.0,
        "Net Income From Continuing Operation Net Minority Interest": 74251000.0,
        "Reconciled Depreciation": 7551000.0,
        "Reconciled Cost Of Revenue": 57722000.0,
        "EBITDA": 122958000.0,
        "EBIT": 115407000.0,
        "Net Interest Income": -14722000.0,
        "Interest Expense": 19632000.0,
        "Interest Income": 5712000.0,
        "Normalized Income": 70417850.0,
        "Net Income From Continuing And Discontinued Operation": 74251000.0,
        "Total Expenses": 114070000.0,
        "Total Operating Income As Reported": 110597000.0,
        "Diluted Average Shares": 66075000.0,
        "Basic Average Shares": 64734000.0,
        "Diluted EPS": 1.12,
        "Basic EPS": 1.15,
        "Diluted NI Availto Com Stockholders": 74251000.0,
        "Net Income Common Stockholders": 74251000.0,
        "Net Income": 74251000.0,
        "Net Income Including Noncontrolling Interests": 74251000.0,
        "Net Income Continuous Operations": 74251000.0,
        "Tax Provision": 21524000.0,
        "Pretax Income": 95775000.0,
        "Other Income Expense": 4946000.0,
        "Special Income Charges": 4946000.0,
        "Other Special Charges": 100000.0,
        "Restructuring And Mergern Acquisition": -5046000.0,
        "Net Non Operating Interest Income Expense": -14722000.0,
        "Total Other Finance Cost": 802000.0,
        "Interest Expense Non Operating": 19632000.0,
        "Interest Income Non Operating": 5712000.0,
        "Operating Income": 105551000.0,
        "Operating Expense": 56348000.0,
        "Depreciation Amortization Depletion Income Statement": 7551000.0,
        "Depreciation And Amortization In Income Statement": 7551000.0,
        "Selling General And Administration": 48797000.0,
        "General And Administrative Expense": 48797000.0,
        "Other Gand A": 14385000.0,
        "Salaries And Wages": 34412000.0,
        "Gross Profit": 161899000.0,
        "Cost Of Revenue": 57722000.0,
        "Total Revenue": 219621000.0,
        "Operating Revenue": 219621000.0
    },
    "2024-09-30": {
        "Tax Effect Of Unusual Items": -867578.0,
        "Tax Rate For Calcs": 0.237367,
        "Normalized EBITDA": 138503000.0,
        "Total Unusual Items": -3655000.0,
        "Total Unusual Items Excluding Goodwill": -3655000.0,
        "Net Income From Continuing Operation Net Minority Interest": 81983000.0,
        "Reconciled Depreciation": 7510000.0,
        "Reconciled Cost Of Revenue": 58652000.0,
        "EBITDA": 134848000.0,
        "EBIT": 127338000.0,
        "Net Interest Income": -12863000.0,
        "Interest Expense": 19838000.0,
        "Interest Income": 7751000.0,
        "Normalized Income": 84770422.0,
        "Net Income From Continuing And Discontinued Operation": 81983000.0,
        "Total Expenses": 101610000.0,
        "Total Operating Income As Reported": 120363000.0,
        "Diluted Average Shares": 66057000.0,
        "Basic Average Shares": 64875000.0,
        "Diluted EPS": 1.24,
        "Basic EPS": 1.26,
        "Diluted NI Availto Com Stockholders": 81983000.0,
        "Net Income Common Stockholders": 81983000.0,
        "Net Income": 81983000.0,
        "Net Income Including Noncontrolling Interests": 81983000.0,
        "Net Income Continuous Operations": 81983000.0,
        "Tax Provision": 25517000.0,
        "Pretax Income": 107500000.0,
        "Other Income Expense": -3655000.0,
        "Special Income Charges": -3655000.0,
        "Other Special Charges": NaN,
        "Restructuring And Mergern Acquisition": 3655000.0,
        "Net Non Operating Interest Income Expense": -12863000.0,
        "Total Other Finance Cost": 776000.0,
        "Interest Expense Non Operating": 19838000.0,
        "Interest Income Non Operating": 7751000.0,
        "Operating Income": 124018000.0,
        "Operating Expense": 42958000.0,
        "Depreciation Amortization Depletion Income Statement": 7510000.0,
        "Depreciation And Amortization In Income Statement": 7510000.0,
        "Selling General And Administration": 35448000.0,
        "General And Administrative Expense": 35448000.0,
        "Other Gand A": 14029000.0,
        "Salaries And Wages": 21419000.0,
        "Gross Profit": 166976000.0,
        "Cost Of Revenue": 58652000.0,
        "Total Revenue": 225628000.0,
        "Operating Revenue": 225628000.0
    }
}