{
    "2023-03-31": {
        "Tax Effect Of Unusual Items": 0.0,
        "Tax Rate For Calcs": 0.0,
        "Normalized EBITDA": -233000.0,
        "Total Unusual Items": -1181000.0,
        "Total Unusual Items Excluding Goodwill": -1181000.0,
        "Net Income From Continuing Operation Net Minority Interest": -8091000.0,
        "Reconciled Depreciation": 6670000.0,
        "Reconciled Cost Of Revenue": 25600000.0,
        "EBITDA": -1414000.0,
        "EBIT": -8084000.0,
        "Net Interest Income": 1182000.0,
        "Interest Expense": 7000.0,
        "Interest Income": 1189000.0,
        "Normalized Income": -6910000.0,
        "Net Income From Continuing And Discontinued Operation": -8091000.0,
        "Total Expenses": 90501000.0,
        "Rent Expense Supplemental": 1437000.0,
        "Total Operating Income As Reported": -10498000.0,
        "Diluted Average Shares": 72175457.0,
        "Basic Average Shares": 72175457.0,
        "Diluted EPS": -0.11,
        "Basic EPS": -0.11,
        "Diluted NI Availto Com Stockholders": -8091000.0,
        "Net Income Common Stockholders": -8091000.0,
        "Net Income": -8091000.0,
        "Net Income Including Noncontrolling Interests": -8091000.0,
        "Net Income Continuous Operations": -8091000.0,
        "Tax Provision": 0.0,
        "Pretax Income": -8091000.0,
        "Other Income Expense": -1194000.0,
        "Other Non Operating Income Expenses": -13000.0,
        "Special Income Charges": -1410000.0,
        "Impairment Of Capital Assets": 1410000.0,
        "Gain On Sale Of Security": 229000.0,
        "Net Non Operating Interest Income Expense": 1182000.0,
        "Interest Expense Non Operating": 7000.0,
        "Interest Income Non Operating": 1189000.0,
        "Operating Income": -8079000.0,
        "Operating Expense": 64272000.0,
        "Other Taxes": -1009000.0,
        "Depreciation Amortization Depletion Income Statement": 6041000.0,
        "Depreciation And Amortization In Income Statement": 6041000.0,
        "Amortization": 5329000.0,
        "Amortization Of Intangibles Income Statement": 5329000.0,
        "Depreciation Income Statement": 712000.0,
        "Research And Development": 12769000.0,
        "Selling General And Administration": 46471000.0,
        "Selling And Marketing Expense": 6459000.0,
        "General And Administrative Expense": 40012000.0,
        "Other Gand A": 3331000.0,
        "Rent And Landing Fees": 1437000.0,
        "Salaries And Wages": 35244000.0,
        "Gross Profit": 56193000.0,
        "Cost Of Revenue": 26229000.0,
        "Total Revenue": 82422000.0,
        "Operating Revenue": 82422000.0
    },
    "2022-12-31": {
        "Tax Effect Of Unusual Items": 182700.0,
        "Tax Rate For Calcs": 0.21,
        "Normalized EBITDA": 2250000.0,
        "Total Unusual Items": 870000.0,
        "Total Unusual Items Excluding Goodwill": 870000.0,
        "Net Income From Continuing Operation Net Minority Interest": -3844000.0,
        "Reconciled Depreciation": 6556000.0,
        "Reconciled Cost Of Revenue": 26186000.0,
        "EBITDA": 3120000.0,
        "EBIT": -3436000.0,
        "Net Interest Income": 1143000.0,
        "Interest Expense": 5000.0,
        "Interest Income": 1148000.0,
        "Normalized Income": -4531300.0,
        "Net Income From Continuing And Discontinued Operation": -3844000.0,
        "Total Expenses": 86084000.0,
        "Rent Expense Supplemental": 1400000.0,
        "Total Operating Income As Reported": -5420000.0,
        "Diluted Average Shares": 71825754.0,
        "Basic Average Shares": 71825754.0,
        "Diluted EPS": -0.05,
        "Basic EPS": -0.05,
        "Diluted NI Availto Com Stockholders": -3844000.0,
        "Net Income Common Stockholders": -3844000.0,
        "Net Income": -3844000.0,
        "Net Income Including Noncontrolling Interests": -3844000.0,
        "Net Income Continuous Operations": -3844000.0,
        "Tax Provision": 403000.0,
        "Pretax Income": -3441000.0,
        "Other Income Expense": 1203000.0,
        "Other Non Operating Income Expenses": 333000.0,
        "Special Income Charges": NaN,
        "Impairment Of Capital Assets": NaN,
        "Gain On Sale Of Security": 870000.0,
        "Net Non Operating Interest Income Expense": 1143000.0,
        "Interest Expense Non Operating": 5000.0,
        "Interest Income Non Operating": 1148000.0,
        "Operating Income": -5787000.0,
        "Operating Expense": 59253000.0,
        "Other Taxes": 367000.0,
        "Depreciation Amortization Depletion Income Statement": 5911000.0,
        "Depreciation And Amortization In Income Statement": 5911000.0,
        "Amortization": 5264000.0,
        "Amortization Of Intangibles Income Statement": 5264000.0,
        "Depreciation Income Statement": 647000.0,
        "Research And Development": 11287000.0,
        "Selling General And Administration": 41688000.0,
        "Selling And Marketing Expense": 78818000.0,
        "General And Administrative Expense": -37130000.0,
        "Other Gand A": 3525000.0,
        "Rent And Landing Fees": 1400000.0,
        "Salaries And Wages": -42055000.0,
        "Gross Profit": 53466000.0,
        "Cost Of Revenue": 26831000.0,
        "Total Revenue": 80297000.0,
        "Operating Revenue": 80297000.0
    },
    "2022-09-30": {
        "Tax Effect Of Unusual Items": 0.0,
        "Tax Rate For Calcs": 0.017127,
        "Normalized EBITDA": -3356000.0,
        "Total Unusual Items": -597000.0,
        "Total Unusual Items Excluding Goodwill": -597000.0,
        "Net Income From Continuing Operation Net Minority Interest": -8723000.0,
        "Reconciled Depreciation": 6324000.0,
        "Reconciled Cost Of Revenue": 24897000.0,
        "EBITDA": -3356000.0,
        "EBIT": -9680000.0,
        "Net Interest Income": 512000.0,
        "Interest Expense": 61000.0,
        "Interest Income": 573000.0,
        "Normalized Income": -8723000.0,
        "Net Income From Continuing And Discontinued Operation": -8723000.0,
        "Total Expenses": 85272000.0,
        "Rent Expense Supplemental": 1424000.0,
        "Total Operating Income As Reported": -9680000.0,
        "Diluted Average Shares": 71656694.0,
        "Basic Average Shares": 71656694.0,
        "Diluted EPS": -0.12,
        "Basic EPS": -0.12,
        "Diluted NI Availto Com Stockholders": -8723000.0,
        "Net Income Common Stockholders": -8723000.0,
        "Net Income": -8723000.0,
        "Net Income Including Noncontrolling Interests": -8723000.0,
        "Net Income Continuous Operations": -8723000.0,
        "Tax Provision": -152000.0,
        "Pretax Income": -8875000.0,
        "Other Income Expense": 805000.0,
        "Other Non Operating Income Expenses": 805000.0,
        "Special Income Charges": NaN,
        "Impairment Of Capital Assets": NaN,
        "Gain On Sale Of Security": -597000.0,
        "Net Non Operating Interest Income Expense": 512000.0,
        "Interest Expense Non Operating": 61000.0,
        "Interest Income Non Operating": 573000.0,
        "Operating Income": -9680000.0,
        "Operating Expense": 59264000.0,
        "Other Taxes": -962000.0,
        "Depreciation Amortization Depletion Income Statement": 5213000.0,
        "Depreciation And Amortization In Income Statement": 5213000.0,
        "Amortization": 5213000.0,
        "Amortization Of Intangibles Income Statement": 5213000.0,
        "Depreciation Income Statement": 547000.0,
        "Research And Development": 10773000.0,
        "Selling General And Administration": 43278000.0,
        "Selling And Marketing Expense": 25678000.0,
        "General And Administrative Expense": 17600000.0,
        "Other Gand A": 17600000.0,
        "Rent And Landing Fees": 1424000.0,
        "Salaries And Wages": 31133000.0,
        "Gross Profit": 49584000.0,
        "Cost Of Revenue": 26008000.0,
        "Total Revenue": 75592000.0,
        "Operating Revenue": 75592000.0
    },
    "2022-06-30": {
        "Tax Effect Of Unusual Items": 0.0,
        "Tax Rate For Calcs": 0.011921,
        "Normalized EBITDA": -5342000.0,
        "Total Unusual Items": -365000.0,
        "Total Unusual Items Excluding Goodwill": -365000.0,
        "Net Income From Continuing Operation Net Minority Interest": -9532000.0,
        "Reconciled Depreciation": 5391000.0,
        "Reconciled Cost Of Revenue": 25030000.0,
        "EBITDA": -5342000.0,
        "EBIT": -10733000.0,
        "Net Interest Income": 142000.0,
        "Interest Expense": 70000.0,
        "Interest Income": 212000.0,
        "Normalized Income": -9532000.0,
        "Net Income From Continuing And Discontinued Operation": -9532000.0,
        "Total Expenses": 83597000.0,
        "Rent Expense Supplemental": 1481000.0,
        "Total Operating Income As Reported": -10733000.0,
        "Diluted Average Shares": 71476966.0,
        "Basic Average Shares": 71476966.0,
        "Diluted EPS": -0.13,
        "Basic EPS": -0.13,
        "Diluted NI Availto Com Stockholders": -9532000.0,
        "Net Income Common Stockholders": -9532000.0,
        "Net Income": -9532000.0,
        "Net Income Including Noncontrolling Interests": -9532000.0,
        "Net Income Continuous Operations": -9532000.0,
        "Tax Provision": -115000.0,
        "Pretax Income": -9647000.0,
        "Other Income Expense": 1086000.0,
        "Other Non Operating Income Expenses": 1086000.0,
        "Gain On Sale Of Security": -365000.0,
        "Net Non Operating Interest Income Expense": 142000.0,
        "Interest Expense Non Operating": 70000.0,
        "Interest Income Non Operating": 212000.0,
        "Operating Income": -10733000.0,
        "Operating Expense": 58567000.0,
        "Other Taxes": -936000.0,
        "Depreciation Amortization Depletion Income Statement": 5391000.0,
        "Depreciation And Amortization In Income Statement": 5391000.0,
        "Amortization": 5391000.0,
        "Amortization Of Intangibles Income Statement": 5391000.0,
        "Depreciation Income Statement": 535000.0,
        "Research And Development": 9377000.0,
        "Selling General And Administration": 43799000.0,
        "Selling And Marketing Expense": 24001000.0,
        "General And Administrative Expense": 19798000.0,
        "Other Gand A": 19798000.0,
        "Rent And Landing Fees": 1481000.0,
        "Salaries And Wages": 28853000.0,
        "Gross Profit": 47834000.0,
        "Cost Of Revenue": 25030000.0,
        "Total Revenue": 72864000.0,
        "Operating Revenue": 72864000.0
    },
    "2022-03-31": {
        "Diluted EPS": -0.2,
        "Total Revenue": 68,
        "Gross Profit": 44,
        "Operating Income": -15,
        "EBIT": -9,
        "Net Income": -14
    },
    "2021-12-31": {
        "Diluted EPS": -0.12,
        "Total Revenue": 67,
        "Gross Profit": 44,
        "Operating Income": -12,
        "EBIT": -6,
        "Net Income": -11
    },
    "2021-09-30": {
        "Diluted EPS": -0.2,
        "Total Revenue": 60,
        "Gross Profit": 39,
        "Operating Income": -17,
        "EBIT": -11,
        "Net Income": -14
    },
    "2021-06-30": {
        "Diluted EPS": -0.13,
        "Total Revenue": 55,
        "Gross Profit": 38,
        "Operating Income": -7,
        "EBIT": -3,
        "Net Income": -9
    },
    "2021-03-31": {
        "Diluted EPS": -0.66,
        "Total Revenue": 37,
        "Gross Profit": 24,
        "Operating Income": -45,
        "EBIT": -43,
        "Net Income": -42
    },
    "2020-12-31": {
        "Diluted EPS": -0.12,
        "Total Revenue": 35,
        "Gross Profit": 23,
        "Operating Income": -8,
        "EBIT": -6,
        "Net Income": -8
    },
    "2020-09-30": {
        "Diluted EPS": -0.08,
        "Total Revenue": 31,
        "Gross Profit": 21,
        "Operating Income": -4,
        "EBIT": -2,
        "Net Income": -4
    },
    "2020-06-30": {
        "Diluted EPS": -0.22,
        "Total Revenue": 21,
        "Gross Profit": 13,
        "Operating Income": -11,
        "EBIT": -9,
        "Net Income": -11
    },
    "2020-03-31": {
        "Diluted EPS": -0.24,
        "Total Revenue": 31,
        "Gross Profit": 19,
        "Operating Income": -12,
        "EBIT": -10,
        "Net Income": -12
    },
    "2019-12-31": {
        "Diluted EPS": -0.15,
        "Total Revenue": 30,
        "Gross Profit": 20,
        "Operating Income": -8,
        "EBIT": -7,
        "Net Income": -7
    },
    "2019-09-30": {
        "Diluted EPS": -0.02,
        "Total Revenue": 31,
        "Gross Profit": 22,
        "Operating Income": -2,
        "EBIT": -1,
        "Net Income": -1
    },
    "2019-06-30": {
        "Diluted EPS": -0.05,
        "Total Revenue": 30,
        "Gross Profit": 21,
        "Operating Income": -3,
        "EBIT": -2,
        "Net Income": -2
    },
    "2019-03-31": {
        "Diluted EPS": -0.05,
        "Total Revenue": 30,
        "Gross Profit": 21,
        "Operating Income": -2,
        "EBIT": -1,
        "Net Income": -2
    },
    "2018-12-31": {
        "Diluted EPS": -0.05,
        "Total Revenue": 26,
        "Gross Profit": 17,
        "Operating Income": -3,
        "EBIT": -2,
        "Net Income": -3
    },
    "2018-09-30": {
        "Diluted EPS": -0.12,
        "Total Revenue": 23,
        "Gross Profit": 15,
        "Operating Income": -4,
        "EBIT": -3,
        "Net Income": -4
    },
    "2018-06-30": {
        "Diluted EPS": -0.18,
        "Total Revenue": 23,
        "Gross Profit": 15,
        "Operating Income": -6,
        "EBIT": -5,
        "Net Income": -6
    },
    "2018-03-31": {
        "Diluted EPS": -0.27,
        "Total Revenue": 20,
        "Gross Profit": 12,
        "Operating Income": -9,
        "EBIT": -8,
        "Net Income": -9
    },
    "2017-12-31": {
        "Diluted EPS": -0.24,
        "Total Revenue": 20,
        "Gross Profit": 12,
        "Operating Income": -6,
        "EBIT": -5,
        "Net Income": -8
    },
    "2017-09-30": {
        "Diluted EPS": -0.21,
        "Total Revenue": 18,
        "Gross Profit": 10,
        "Operating Income": -6,
        "EBIT": -5,
        "Net Income": -7
    },
    "2017-06-30": {
        "Diluted EPS": -0.22,
        "Total Revenue": 18,
        "Gross Profit": 11,
        "Operating Income": -7,
        "EBIT": -6,
        "Net Income": -7
    },
    "2017-03-31": {
        "Diluted EPS": -0.24,
        "Total Revenue": 16,
        "Gross Profit": 10,
        "Operating Income": -8,
        "EBIT": -7,
        "Net Income": -8
    },
    "2016-12-31": {
        "Diluted EPS": -0.13,
        "Total Revenue": 18,
        "Gross Profit": 12,
        "Operating Income": -4,
        "EBIT": -3,
        "Net Income": -4
    },
    "2016-09-30": {
        "Diluted EPS": -0.2,
        "Total Revenue": 19,
        "Gross Profit": 12,
        "Operating Income": -5,
        "EBIT": -4,
        "Net Income": -6
    },
    "2016-06-30": {
        "Diluted EPS": -0.4,
        "Total Revenue": 15,
        "Gross Profit": 8,
        "Operating Income": -10,
        "EBIT": -10,
        "Net Income": -11
    },
    "2016-03-31": {
        "Diluted EPS": -0.36,
        "Total Revenue": 14,
        "Gross Profit": 7,
        "Operating Income": -10,
        "EBIT": -9,
        "Net Income": -10
    },
    "2015-12-31": {
        "Diluted EPS": -0.29,
        "Total Revenue": 14,
        "Gross Profit": 8,
        "Operating Income": -8,
        "EBIT": -8,
        "Net Income": -8
    },
    "2015-09-30": {
        "Diluted EPS": -0.32,
        "Total Revenue": 12,
        "Gross Profit": 7,
        "Operating Income": -9,
        "EBIT": -9,
        "Net Income": -9
    },
    "2015-06-30": {
        "Diluted EPS": -0.35,
        "Total Revenue": 12,
        "Gross Profit": 7,
        "Operating Income": -9,
        "EBIT": -9,
        "Net Income": -9
    },
    "2015-03-31": {
        "Diluted EPS": -0.34,
        "Total Revenue": 11,
        "Gross Profit": 7,
        "Operating Income": -8,
        "EBIT": -8,
        "Net Income": -8
    },
    "2014-12-31": {
        "Diluted EPS": -0.36,
        "Total Revenue": 12,
        "Gross Profit": 7,
        "Operating Income": -8,
        "EBIT": -8,
        "Net Income": -8
    },
    "2014-09-30": {
        "Diluted EPS": -0.37,
        "Total Revenue": 10,
        "Gross Profit": 6,
        "Operating Income": -8,
        "EBIT": -8,
        "Net Income": -8
    },
    "2014-06-30": {
        "Diluted EPS": -0.31,
        "Total Revenue": 9,
        "Gross Profit": 5,
        "Operating Income": -7,
        "EBIT": -7,
        "Net Income": -7
    },
    "2014-03-31": {
        "Diluted EPS": -0.32,
        "Total Revenue": 7,
        "Gross Profit": 4,
        "Operating Income": -7,
        "EBIT": -7,
        "Net Income": -7
    },
    "2013-12-31": {
        "Diluted EPS": 17.01,
        "Total Revenue": 7,
        "Gross Profit": 3,
        "Operating Income": -6,
        "EBIT": -6,
        "Net Income": -6
    },
    "2013-09-30": {
        "Diluted EPS": -6.59,
        "Total Revenue": 6,
        "Gross Profit": 2,
        "Operating Income": -6,
        "EBIT": -6,
        "Net Income": -6
    },
    "2013-06-30": {
        "Diluted EPS": -7.53,
        "Total Revenue": 5,
        "Gross Profit": 2,
        "Operating Income": -5,
        "EBIT": -6,
        "Net Income": -6
    },
    "2013-03-31": {
        "Diluted EPS": -9.04,
        "Total Revenue": 4,
        "Gross Profit": 2,
        "Operating Income": -6,
        "EBIT": -6,
        "Net Income": -7
    },
    "2012-12-31": {
        "Diluted EPS": 0.0,
        "Total Revenue": NaN,
        "Gross Profit": NaN,
        "Operating Income": NaN,
        "EBIT": NaN,
        "Net Income": NaN
    },
    "2012-09-30": {
        "Diluted EPS": -7.49,
        "Total Revenue": 3,
        "Gross Profit": 1,
        "Operating Income": -5,
        "EBIT": -5,
        "Net Income": -5
    },
    "2012-06-30": {
        "Diluted EPS": 0.0,
        "Total Revenue": NaN,
        "Gross Profit": NaN,
        "Operating Income": NaN,
        "EBIT": NaN,
        "Net Income": NaN
    },
    "2011-12-31": {
        "Diluted EPS": 0.0,
        "Total Revenue": NaN,
        "Gross Profit": NaN,
        "Operating Income": NaN,
        "EBIT": NaN,
        "Net Income": NaN
    },
    "2023-06-30": {
        "Tax Effect Of Unusual Items": -17220.0,
        "Tax Rate For Calcs": 0.21,
        "Normalized EBITDA": -1333000.0,
        "Total Unusual Items": -82000.0,
        "Total Unusual Items Excluding Goodwill": -82000.0,
        "Net Income From Continuing Operation Net Minority Interest": -8402000.0,
        "Reconciled Depreciation": 6859000.0,
        "Reconciled Cost Of Revenue": 28922000.0,
        "EBITDA": -1415000.0,
        "EBIT": -8274000.0,
        "Net Interest Income": 1255000.0,
        "Interest Expense": 3000.0,
        "Interest Income": 1258000.0,
        "Normalized Income": -8337220.0,
        "Net Income From Continuing And Discontinued Operation": -8402000.0,
        "Total Expenses": 99856000.0,
        "Rent Expense Supplemental": 2243000.0,
        "Total Operating Income As Reported": -8051000.0,
        "Diluted Average Shares": 72478662.0,
        "Basic Average Shares": 72478662.0,
        "Diluted EPS": -0.12,
        "Basic EPS": -0.12,
        "Diluted NI Availto Com Stockholders": -8402000.0,
        "Net Income Common Stockholders": -8402000.0,
        "Net Income": -8402000.0,
        "Net Income Including Noncontrolling Interests": -8402000.0,
        "Net Income Continuous Operations": -8402000.0,
        "Tax Provision": 125000.0,
        "Pretax Income": -8277000.0,
        "Other Income Expense": 2000.0,
        "Other Non Operating Income Expenses": 84000.0,
        "Special Income Charges": NaN,
        "Impairment Of Capital Assets": NaN,
        "Gain On Sale Of Security": -82000.0,
        "Net Non Operating Interest Income Expense": 1255000.0,
        "Interest Expense Non Operating": 3000.0,
        "Interest Income Non Operating": 1258000.0,
        "Operating Income": -9534000.0,
        "Operating Expense": 70168000.0,
        "Other Taxes": 1483000.0,
        "Depreciation Amortization Depletion Income Statement": 6093000.0,
        "Depreciation And Amortization In Income Statement": 6093000.0,
        "Amortization": 5341000.0,
        "Amortization Of Intangibles Income Statement": 5341000.0,
        "Depreciation Income Statement": 752000.0,
        "Research And Development": 12541000.0,
        "Selling General And Administration": 50051000.0,
        "Selling And Marketing Expense": 6957000.0,
        "General And Administrative Expense": 43094000.0,
        "Other Gand A": 3269000.0,
        "Rent And Landing Fees": 2243000.0,
        "Salaries And Wages": 37582000.0,
        "Gross Profit": 60634000.0,
        "Cost Of Revenue": 29688000.0,
        "Total Revenue": 90322000.0,
        "Operating Revenue": 90322000.0
    },
    "2023-09-30": {
        "Tax Effect Of Unusual Items": -184591.025124,
        "Tax Rate For Calcs": 0.005173,
        "Normalized EBITDA": 13239000.0,
        "Total Unusual Items": -35686000.0,
        "Total Unusual Items Excluding Goodwill": -35686000.0,
        "Net Income From Continuing Operation Net Minority Interest": -29618000.0,
        "Reconciled Depreciation": 7323000.0,
        "Reconciled Cost Of Revenue": 26801000.0,
        "EBITDA": -22447000.0,
        "EBIT": -29770000.0,
        "Net Interest Income": 2069000.0,
        "Interest Expense": 2000.0,
        "Interest Income": 2071000.0,
        "Normalized Income": 5883408.974876,
        "Net Income From Continuing And Discontinued Operation": -29618000.0,
        "Total Expenses": 86395000.0,
        "Rent Expense Supplemental": 2304000.0,
        "Total Operating Income As Reported": -31739000.0,
        "Diluted Average Shares": 72804770.0,
        "Basic Average Shares": 72804770.0,
        "Diluted EPS": -0.41,
        "Basic EPS": -0.41,
        "Diluted NI Availto Com Stockholders": -29618000.0,
        "Net Income Common Stockholders": -29618000.0,
        "Net Income": -29618000.0,
        "Net Income Including Noncontrolling Interests": -29618000.0,
        "Net Income Continuous Operations": -29618000.0,
        "Tax Provision": -154000.0,
        "Pretax Income": -29772000.0,
        "Other Income Expense": -35554000.0,
        "Other Non Operating Income Expenses": 132000.0,
        "Special Income Charges": -34900000.0,
        "Impairment Of Capital Assets": 34900000.0,
        "Gain On Sale Of Security": -786000.0,
        "Net Non Operating Interest Income Expense": 2069000.0,
        "Interest Expense Non Operating": 2000.0,
        "Interest Income Non Operating": 2071000.0,
        "Operating Income": 3713000.0,
        "Operating Expense": 58785000.0,
        "Other Taxes": -552000.0,
        "Depreciation Amortization Depletion Income Statement": 6514000.0,
        "Depreciation And Amortization In Income Statement": 6514000.0,
        "Amortization": 5337000.0,
        "Amortization Of Intangibles Income Statement": 5337000.0,
        "Depreciation Income Statement": 1177000.0,
        "Research And Development": 13322000.0,
        "Selling General And Administration": 39501000.0,
        "Selling And Marketing Expense": 6086000.0,
        "General And Administrative Expense": 33415000.0,
        "Other Gand A": -2146000.0,
        "Rent And Landing Fees": 2304000.0,
        "Salaries And Wages": 33257000.0,
        "Gross Profit": 62498000.0,
        "Cost Of Revenue": 27610000.0,
        "Total Revenue": 90108000.0,
        "Operating Revenue": 90108000.0
    },
    "2023-12-31": {
        "Tax Effect Of Unusual Items": -2193587.687057,
        "Tax Rate For Calcs": 0.071508,
        "Normalized EBITDA": 6542000.0,
        "Total Unusual Items": -30676000.0,
        "Total Unusual Items Excluding Goodwill": -30676000.0,
        "Net Income From Continuing Operation Net Minority Interest": -28293000.0,
        "Reconciled Depreciation": 6336000.0,
        "Reconciled Cost Of Revenue": 28449000.0,
        "EBITDA": -24134000.0,
        "EBIT": -30470000.0,
        "Net Interest Income": 2824000.0,
        "Interest Expense": 2000.0,
        "Interest Income": 2826000.0,
        "Normalized Income": 189412.312943,
        "Net Income From Continuing And Discontinued Operation": -28293000.0,
        "Total Expenses": 101174000.0,
        "Rent Expense Supplemental": 2129000.0,
        "Total Operating Income As Reported": -35507000.0,
        "Diluted Average Shares": 73107059.0,
        "Basic Average Shares": 73107059.0,
        "Diluted EPS": -0.39,
        "Basic EPS": -0.39,
        "Diluted NI Availto Com Stockholders": -28293000.0,
        "Net Income Common Stockholders": -28293000.0,
        "Net Income": -28293000.0,
        "Net Income Including Noncontrolling Interests": -28293000.0,
        "Net Income Continuous Operations": -28293000.0,
        "Tax Provision": -2179000.0,
        "Pretax Income": -30472000.0,
        "Other Income Expense": -30321000.0,
        "Other Non Operating Income Expenses": 355000.0,
        "Special Income Charges": -32039000.0,
        "Impairment Of Capital Assets": 32039000.0,
        "Gain On Sale Of Security": 1363000.0,
        "Net Non Operating Interest Income Expense": 2824000.0,
        "Interest Expense Non Operating": 2000.0,
        "Interest Income Non Operating": 2826000.0,
        "Operating Income": -2975000.0,
        "Operating Expense": 71798000.0,
        "Other Taxes": -493000.0,
        "Depreciation Amortization Depletion Income Statement": 5409000.0,
        "Depreciation And Amortization In Income Statement": 5409000.0,
        "Amortization": 4563000.0,
        "Amortization Of Intangibles Income Statement": 4563000.0,
        "Depreciation Income Statement": 846000.0,
        "Research And Development": 18673000.0,
        "Selling General And Administration": 48209000.0,
        "Selling And Marketing Expense": 7102000.0,
        "General And Administrative Expense": 41107000.0,
        "Other Gand A": 6405000.0,
        "Rent And Landing Fees": 2129000.0,
        "Salaries And Wages": 32573000.0,
        "Gross Profit": 68823000.0,
        "Cost Of Revenue": 29376000.0,
        "Total Revenue": 98199000.0,
        "Operating Revenue": 98199000.0
    },
    "2024-03-31": {
        "Tax Effect Of Unusual Items": -22807.127883,
        "Tax Rate For Calcs": 0.023061,
        "Normalized EBITDA": 4671000.0,
        "Total Unusual Items": -989000.0,
        "Total Unusual Items Excluding Goodwill": -989000.0,
        "Net Income From Continuing Operation Net Minority Interest": -1864000.0,
        "Reconciled Depreciation": 5590000.0,
        "Reconciled Cost Of Revenue": 30490000.0,
        "EBITDA": 3682000.0,
        "EBIT": -1908000.0,
        "Net Interest Income": 2695000.0,
        "Interest Expense": 0.0,
        "Interest Income": 2695000.0,
        "Normalized Income": -897807.127883,
        "Net Income From Continuing And Discontinued Operation": -1864000.0,
        "Total Expenses": 100501000.0,
        "Rent Expense Supplemental": 2553000.0,
        "Total Operating Income As Reported": -4656000.0,
        "Diluted Average Shares": 74759789.0,
        "Basic Average Shares": 74759789.0,
        "Diluted EPS": -0.02,
        "Basic EPS": -0.02,
        "Diluted NI Availto Com Stockholders": -1864000.0,
        "Net Income Common Stockholders": -1864000.0,
        "Net Income": -1864000.0,
        "Net Income Including Noncontrolling Interests": -1864000.0,
        "Net Income Continuous Operations": -1864000.0,
        "Tax Provision": -44000.0,
        "Pretax Income": -1908000.0,
        "Other Income Expense": -946000.0,
        "Other Non Operating Income Expenses": 43000.0,
        "Special Income Charges": -429000.0,
        "Impairment Of Capital Assets": 429000.0,
        "Gain On Sale Of Security": -560000.0,
        "Net Non Operating Interest Income Expense": 2695000.0,
        "Interest Expense Non Operating": 0.0,
        "Interest Income Non Operating": 2695000.0,
        "Operating Income": -3657000.0,
        "Operating Expense": 69040000.0,
        "Other Taxes": -570000.0,
        "Depreciation Amortization Depletion Income Statement": 4619000.0,
        "Depreciation And Amortization In Income Statement": 4619000.0,
        "Amortization": 3653000.0,
        "Amortization Of Intangibles Income Statement": 3653000.0,
        "Depreciation Income Statement": 966000.0,
        "Research And Development": 15965000.0,
        "Selling General And Administration": 49026000.0,
        "Selling And Marketing Expense": 6160000.0,
        "General And Administrative Expense": 42866000.0,
        "Other Gand A": 4932000.0,
        "Rent And Landing Fees": 2553000.0,
        "Salaries And Wages": 35381000.0,
        "Gross Profit": 65383000.0,
        "Cost Of Revenue": 31461000.0,
        "Total Revenue": 96844000.0,
        "Operating Revenue": 96844000.0
    }
}