{
    "2023-03-31": {
        "Tax Effect Of Unusual Items": 0.0,
        "Tax Rate For Calcs": 0.0293,
        "Normalized EBITDA": 18155000.0,
        "Net Income From Continuing Operation Net Minority Interest": 8741000.0,
        "Reconciled Depreciation": 6276000.0,
        "Reconciled Cost Of Revenue": 87322000.0,
        "EBITDA": 18155000.0,
        "EBIT": 11879000.0,
        "Net Interest Income": -802000.0,
        "Interest Expense": 2875000.0,
        "Interest Income": 2073000.0,
        "Normalized Income": 8741000.0,
        "Net Income From Continuing And Discontinued Operation": 8741000.0,
        "Total Expenses": 143698000.0,
        "Total Operating Income As Reported": 9806000.0,
        "Diluted Average Shares": 59856000.0,
        "Basic Average Shares": 50559000.0,
        "Diluted EPS": 0.17,
        "Basic EPS": 0.17,
        "Diluted NI Availto Com Stockholders": 10018000.0,
        "Net Income Common Stockholders": 10018000.0,
        "Otherunder Preferred Stock Dividend": -1277000.0,
        "Net Income": 8741000.0,
        "Net Income Including Noncontrolling Interests": 8741000.0,
        "Net Income Continuous Operations": 8741000.0,
        "Tax Provision": 263000.0,
        "Pretax Income": 9004000.0,
        "Other Income Expense": NaN,
        "Other Non Operating Income Expenses": NaN,
        "Net Non Operating Interest Income Expense": -802000.0,
        "Interest Expense Non Operating": 2875000.0,
        "Interest Income Non Operating": 2073000.0,
        "Operating Income": 9806000.0,
        "Operating Expense": 52211000.0,
        "Other Operating Expenses": -89000.0,
        "Depreciation Amortization Depletion Income Statement": 2111000.0,
        "Depreciation And Amortization In Income Statement": 2111000.0,
        "Amortization": 2111000.0,
        "Amortization Of Intangibles Income Statement": 2111000.0,
        "Research And Development": 27562000.0,
        "Selling General And Administration": 22627000.0,
        "Gross Profit": 62017000.0,
        "Cost Of Revenue": 91487000.0,
        "Total Revenue": 153504000.0,
        "Operating Revenue": 153504000.0
    },
    "2022-12-31": {
        "Tax Effect Of Unusual Items": 0.0,
        "Tax Rate For Calcs": 0.21,
        "Normalized EBITDA": 21263000.0,
        "Net Income From Continuing Operation Net Minority Interest": 128916000.0,
        "Reconciled Depreciation": 6545000.0,
        "Reconciled Cost Of Revenue": 86839000.0,
        "EBITDA": 21263000.0,
        "EBIT": 14718000.0,
        "Net Interest Income": -1558000.0,
        "Interest Expense": 2884000.0,
        "Interest Income": 1326000.0,
        "Normalized Income": 128916000.0,
        "Net Income From Continuing And Discontinued Operation": 128916000.0,
        "Total Expenses": 140407000.0,
        "Total Operating Income As Reported": 13392000.0,
        "Diluted Average Shares": 65684000.0,
        "Basic Average Shares": 49912000.0,
        "Diluted EPS": 2.0,
        "Basic EPS": 2.58,
        "Diluted NI Availto Com Stockholders": 132109000.0,
        "Net Income Common Stockholders": 132109000.0,
        "Otherunder Preferred Stock Dividend": -3193000.0,
        "Net Income": 128916000.0,
        "Net Income Including Noncontrolling Interests": 128916000.0,
        "Net Income Continuous Operations": 128916000.0,
        "Tax Provision": -117082000.0,
        "Pretax Income": 11834000.0,
        "Other Income Expense": NaN,
        "Other Non Operating Income Expenses": NaN,
        "Net Non Operating Interest Income Expense": -1558000.0,
        "Interest Expense Non Operating": 2884000.0,
        "Interest Income Non Operating": 1326000.0,
        "Operating Income": 13392000.0,
        "Operating Expense": 49527000.0,
        "Other Operating Expenses": -270000.0,
        "Depreciation Amortization Depletion Income Statement": 2504000.0,
        "Depreciation And Amortization In Income Statement": 2504000.0,
        "Amortization": 2504000.0,
        "Amortization Of Intangibles Income Statement": 2504000.0,
        "Research And Development": 26328000.0,
        "Selling General And Administration": 20965000.0,
        "Gross Profit": 62919000.0,
        "Cost Of Revenue": 90880000.0,
        "Total Revenue": 153799000.0,
        "Operating Revenue": 153799000.0
    },
    "2022-09-30": {
        "Tax Effect Of Unusual Items": 0.0,
        "Tax Rate For Calcs": 0.01364,
        "Normalized EBITDA": 24486000.0,
        "Net Income From Continuing Operation Net Minority Interest": 15041000.0,
        "Reconciled Depreciation": 6351000.0,
        "Reconciled Cost Of Revenue": 98116000.0,
        "EBITDA": 24486000.0,
        "EBIT": 18135000.0,
        "Net Interest Income": -2315000.0,
        "Interest Expense": 2886000.0,
        "Interest Income": 571000.0,
        "Normalized Income": 15041000.0,
        "Net Income From Continuing And Discontinued Operation": 15041000.0,
        "Total Expenses": 154349000.0,
        "Total Operating Income As Reported": 17564000.0,
        "Diluted Average Shares": 65151000.0,
        "Basic Average Shares": 49887000.0,
        "Diluted EPS": 0.27,
        "Basic EPS": 0.3,
        "Diluted NI Availto Com Stockholders": 17590000.0,
        "Net Income Common Stockholders": 17590000.0,
        "Otherunder Preferred Stock Dividend": -2549000.0,
        "Net Income": 15041000.0,
        "Net Income Including Noncontrolling Interests": 15041000.0,
        "Net Income Continuous Operations": 15041000.0,
        "Tax Provision": 208000.0,
        "Pretax Income": 15249000.0,
        "Other Income Expense": NaN,
        "Other Non Operating Income Expenses": NaN,
        "Net Non Operating Interest Income Expense": -2315000.0,
        "Total Other Finance Cost": NaN,
        "Interest Expense Non Operating": 2886000.0,
        "Interest Income Non Operating": 571000.0,
        "Operating Income": 17564000.0,
        "Operating Expense": 52387000.0,
        "Other Operating Expenses": 634000.0,
        "Depreciation Amortization Depletion Income Statement": 2505000.0,
        "Depreciation And Amortization In Income Statement": 2505000.0,
        "Amortization": 2505000.0,
        "Amortization Of Intangibles Income Statement": 2505000.0,
        "Research And Development": 27104000.0,
        "Selling General And Administration": 22144000.0,
        "Gross Profit": 69951000.0,
        "Cost Of Revenue": 101962000.0,
        "Total Revenue": 171913000.0,
        "Operating Revenue": 171913000.0
    },
    "2022-06-30": {
        "Tax Effect Of Unusual Items": 0.0,
        "Tax Rate For Calcs": 0.052316,
        "Normalized EBITDA": 19545000.0,
        "Net Income From Continuing Operation Net Minority Interest": 9655000.0,
        "Reconciled Depreciation": 6509000.0,
        "Reconciled Cost Of Revenue": 95728000.0,
        "EBITDA": 19545000.0,
        "EBIT": 13036000.0,
        "Net Interest Income": -2635000.0,
        "Interest Expense": 2848000.0,
        "Interest Income": 213000.0,
        "Normalized Income": 9655000.0,
        "Net Income From Continuing And Discontinued Operation": 9655000.0,
        "Total Expenses": 151176000.0,
        "Total Operating Income As Reported": 12823000.0,
        "Diluted Average Shares": 59455000.0,
        "Basic Average Shares": 49697000.0,
        "Diluted EPS": 0.18,
        "Basic EPS": 0.19,
        "Diluted NI Availto Com Stockholders": 10928000.0,
        "Net Income Common Stockholders": 10928000.0,
        "Otherunder Preferred Stock Dividend": -1273000.0,
        "Net Income": 9655000.0,
        "Net Income Including Noncontrolling Interests": 9655000.0,
        "Net Income Continuous Operations": 9655000.0,
        "Tax Provision": 533000.0,
        "Pretax Income": 10188000.0,
        "Other Income Expense": NaN,
        "Other Non Operating Income Expenses": NaN,
        "Net Non Operating Interest Income Expense": -2635000.0,
        "Total Other Finance Cost": NaN,
        "Interest Expense Non Operating": 2848000.0,
        "Interest Income Non Operating": 213000.0,
        "Operating Income": 12823000.0,
        "Operating Expense": 51444000.0,
        "Other Operating Expenses": -27000.0,
        "Depreciation Amortization Depletion Income Statement": 2505000.0,
        "Depreciation And Amortization In Income Statement": 2505000.0,
        "Amortization": 2505000.0,
        "Amortization Of Intangibles Income Statement": 2505000.0,
        "Research And Development": 26016000.0,
        "Selling General And Administration": 22950000.0,
        "Gross Profit": 64267000.0,
        "Cost Of Revenue": 99732000.0,
        "Total Revenue": 163999000.0,
        "Operating Revenue": 163999000.0
    },
    "2022-03-31": {
        "Diluted EPS": 0.24,
        "Total Revenue": 156,
        "Gross Profit": 66,
        "Operating Income": 17,
        "EBIT": 23,
        "Net Income": 16
    },
    "2021-12-31": {
        "Diluted EPS": 0.15,
        "Total Revenue": 153,
        "Gross Profit": 64,
        "Operating Income": 18,
        "EBIT": 24,
        "Net Income": 8
    },
    "2021-09-30": {
        "Diluted EPS": 0.17,
        "Total Revenue": 150,
        "Gross Profit": 63,
        "Operating Income": 16,
        "EBIT": 23,
        "Net Income": 9
    },
    "2021-06-30": {
        "Diluted EPS": 0.12,
        "Total Revenue": 146,
        "Gross Profit": 60,
        "Operating Income": 13,
        "EBIT": 20,
        "Net Income": 6
    },
    "2021-03-31": {
        "Diluted EPS": 0.05,
        "Total Revenue": 134,
        "Gross Profit": 55,
        "Operating Income": 9,
        "EBIT": 16,
        "Net Income": 2
    },
    "2020-12-31": {
        "Diluted EPS": 0.0,
        "Total Revenue": 139,
        "Gross Profit": 57,
        "Operating Income": 11,
        "EBIT": 18,
        "Net Income": 0
    },
    "2020-09-30": {
        "Diluted EPS": 0.01,
        "Total Revenue": 112,
        "Gross Profit": 49,
        "Operating Income": 7,
        "EBIT": 15,
        "Net Income": 1
    },
    "2020-06-30": {
        "Diluted EPS": -0.17,
        "Total Revenue": 99,
        "Gross Profit": 42,
        "Operating Income": 0,
        "EBIT": 8,
        "Net Income": -8
    },
    "2020-03-31": {
        "Diluted EPS": -0.01,
        "Total Revenue": 105,
        "Gross Profit": 46,
        "Operating Income": 5,
        "EBIT": 12,
        "Net Income": -1
    },
    "2019-12-31": {
        "Diluted EPS": -0.68,
        "Total Revenue": 113,
        "Gross Profit": 45,
        "Operating Income": -7,
        "EBIT": 2,
        "Net Income": -33
    },
    "2019-09-30": {
        "Diluted EPS": -0.25,
        "Total Revenue": 109,
        "Gross Profit": 42,
        "Operating Income": -7,
        "EBIT": 1,
        "Net Income": -12
    },
    "2019-06-30": {
        "Diluted EPS": -0.33,
        "Total Revenue": 98,
        "Gross Profit": 36,
        "Operating Income": -11,
        "EBIT": -3,
        "Net Income": -16
    },
    "2019-03-31": {
        "Diluted EPS": -0.4,
        "Total Revenue": 99,
        "Gross Profit": 35,
        "Operating Income": -14,
        "EBIT": -5,
        "Net Income": -19
    },
    "2018-12-31": {
        "Diluted EPS": -3.08,
        "Total Revenue": 99,
        "Gross Profit": 35,
        "Operating Income": -139,
        "EBIT": -130,
        "Net Income": -145
    },
    "2018-09-30": {
        "Diluted EPS": -0.19,
        "Total Revenue": 127,
        "Gross Profit": 46,
        "Operating Income": -4,
        "EBIT": 5,
        "Net Income": -9
    },
    "2018-06-30": {
        "Diluted EPS": -5.02,
        "Total Revenue": 158,
        "Gross Profit": 55,
        "Operating Income": -261,
        "EBIT": -247,
        "Net Income": -238
    },
    "2018-03-31": {
        "Diluted EPS": -0.34,
        "Total Revenue": 159,
        "Gross Profit": 57,
        "Operating Income": -11,
        "EBIT": 6,
        "Net Income": -16
    },
    "2017-12-31": {
        "Diluted EPS": -0.2,
        "Total Revenue": 140,
        "Gross Profit": 55,
        "Operating Income": -15,
        "EBIT": 3,
        "Net Income": -8
    },
    "2017-09-30": {
        "Diluted EPS": -0.51,
        "Total Revenue": 129,
        "Gross Profit": 51,
        "Operating Income": -21,
        "EBIT": -5,
        "Net Income": -24
    },
    "2017-06-30": {
        "Diluted EPS": -0.49,
        "Total Revenue": 112,
        "Gross Profit": 36,
        "Operating Income": -30,
        "EBIT": -20,
        "Net Income": -21
    },
    "2017-03-31": {
        "Diluted EPS": 0.04,
        "Total Revenue": 94,
        "Gross Profit": 35,
        "Operating Income": -6,
        "EBIT": 0,
        "Net Income": 2
    },
    "2016-12-31": {
        "Diluted EPS": -0.1,
        "Total Revenue": 93,
        "Gross Profit": 36,
        "Operating Income": -5,
        "EBIT": 2,
        "Net Income": -5
    },
    "2016-09-30": {
        "Diluted EPS": -1.78,
        "Total Revenue": 85,
        "Gross Profit": 33,
        "Operating Income": -69,
        "EBIT": -60,
        "Net Income": -70
    },
    "2016-06-30": {
        "Diluted EPS": -0.82,
        "Total Revenue": 75,
        "Gross Profit": 31,
        "Operating Income": -31,
        "EBIT": -23,
        "Net Income": -32
    },
    "2016-03-31": {
        "Diluted EPS": -0.4,
        "Total Revenue": 78,
        "Gross Profit": 32,
        "Operating Income": -15,
        "EBIT": -7,
        "Net Income": -16
    },
    "2015-12-31": {
        "Diluted EPS": -0.24,
        "Total Revenue": 107,
        "Gross Profit": 39,
        "Operating Income": -10,
        "EBIT": -1,
        "Net Income": -10
    },
    "2015-09-30": {
        "Diluted EPS": 0.13,
        "Total Revenue": 141,
        "Gross Profit": 54,
        "Operating Income": 7,
        "EBIT": 16,
        "Net Income": 5
    },
    "2015-06-30": {
        "Diluted EPS": -0.21,
        "Total Revenue": 131,
        "Gross Profit": 49,
        "Operating Income": -4,
        "EBIT": 7,
        "Net Income": -8
    },
    "2015-03-31": {
        "Diluted EPS": -0.48,
        "Total Revenue": 98,
        "Gross Profit": 35,
        "Operating Income": -16,
        "EBIT": -5,
        "Net Income": -19
    },
    "2014-12-31": {
        "Diluted EPS": -1.44,
        "Total Revenue": 114,
        "Gross Profit": 38,
        "Operating Income": -65,
        "EBIT": -58,
        "Net Income": -57
    },
    "2014-09-30": {
        "Diluted EPS": -0.35,
        "Total Revenue": 93,
        "Gross Profit": 33,
        "Operating Income": -17,
        "EBIT": -11,
        "Net Income": -14
    },
    "2014-06-30": {
        "Diluted EPS": -0.39,
        "Total Revenue": 95,
        "Gross Profit": 31,
        "Operating Income": -16,
        "EBIT": -10,
        "Net Income": -15
    },
    "2014-03-31": {
        "Diluted EPS": 0.48,
        "Total Revenue": 91,
        "Gross Profit": 34,
        "Operating Income": 19,
        "EBIT": 24,
        "Net Income": 19
    },
    "2013-12-31": {
        "Diluted EPS": -0.56,
        "Total Revenue": 73,
        "Gross Profit": 16,
        "Operating Income": -35,
        "EBIT": -29,
        "Net Income": -22
    },
    "2013-09-30": {
        "Diluted EPS": -0.16,
        "Total Revenue": 99,
        "Gross Profit": 30,
        "Operating Income": -10,
        "EBIT": -6,
        "Net Income": -6
    },
    "2013-06-30": {
        "Diluted EPS": -0.11,
        "Total Revenue": 97,
        "Gross Profit": 35,
        "Operating Income": -7,
        "EBIT": -3,
        "Net Income": -4
    },
    "2013-03-31": {
        "Diluted EPS": -0.26,
        "Total Revenue": 62,
        "Gross Profit": 23,
        "Operating Income": -20,
        "EBIT": -16,
        "Net Income": -10
    },
    "2012-12-31": {
        "Diluted EPS": -0.23,
        "Total Revenue": 107,
        "Gross Profit": 39,
        "Operating Income": -6,
        "EBIT": -2,
        "Net Income": -9
    },
    "2012-09-30": {
        "Diluted EPS": 0.3,
        "Total Revenue": 133,
        "Gross Profit": 50,
        "Operating Income": 7,
        "EBIT": 12,
        "Net Income": 12
    },
    "2012-06-30": {
        "Diluted EPS": 0.3,
        "Total Revenue": 137,
        "Gross Profit": 61,
        "Operating Income": 15,
        "EBIT": 19,
        "Net Income": 12
    },
    "2012-03-31": {
        "Diluted EPS": 0.42,
        "Total Revenue": 140,
        "Gross Profit": 65,
        "Operating Income": 21,
        "EBIT": 25,
        "Net Income": 16
    },
    "2011-12-31": {
        "Diluted EPS": 0.52,
        "Total Revenue": 192,
        "Gross Profit": 83,
        "Operating Income": 32,
        "EBIT": 36,
        "Net Income": 20
    },
    "2011-09-30": {
        "Diluted EPS": 0.9,
        "Total Revenue": 268,
        "Gross Profit": 125,
        "Operating Income": 74,
        "EBIT": 77,
        "Net Income": 36
    },
    "2011-06-30": {
        "Diluted EPS": 0.45,
        "Total Revenue": 265,
        "Gross Profit": 135,
        "Operating Income": 83,
        "EBIT": 87,
        "Net Income": 19
    },
    "2011-03-31": {
        "Diluted EPS": 1.24,
        "Total Revenue": 255,
        "Gross Profit": 131,
        "Operating Income": 87,
        "EBIT": 91,
        "Net Income": 53
    },
    "2010-12-31": {
        "Diluted EPS": 4.65,
        "Total Revenue": 298,
        "Gross Profit": 157,
        "Operating Income": 120,
        "EBIT": 123,
        "Net Income": 197
    },
    "2010-09-30": {
        "Diluted EPS": 2.04,
        "Total Revenue": 277,
        "Gross Profit": 137,
        "Operating Income": 98,
        "EBIT": 101,
        "Net Income": 86
    },
    "2010-06-30": {
        "Diluted EPS": 1.2,
        "Total Revenue": 221,
        "Gross Profit": 99,
        "Operating Income": 60,
        "EBIT": 64,
        "Net Income": 52
    },
    "2010-03-31": {
        "Diluted EPS": 0.62,
        "Total Revenue": 135,
        "Gross Profit": 57,
        "Operating Income": 25,
        "EBIT": 29,
        "Net Income": 26
    },
    "2009-12-31": {
        "Diluted EPS": 0.61,
        "Total Revenue": 73,
        "Gross Profit": 39,
        "Operating Income": 37,
        "EBIT": 39,
        "Net Income": 19
    },
    "2009-09-30": {
        "Diluted EPS": 0.04,
        "Total Revenue": 75,
        "Gross Profit": 31,
        "Operating Income": 3,
        "EBIT": 3,
        "Net Income": 1
    },
    "2009-06-30": {
        "Diluted EPS": -0.47,
        "Total Revenue": 72,
        "Gross Profit": 24,
        "Operating Income": -13,
        "EBIT": -7,
        "Net Income": -15
    },
    "2009-03-31": {
        "Diluted EPS": -0.66,
        "Total Revenue": 63,
        "Gross Profit": 20,
        "Operating Income": -19,
        "EBIT": -13,
        "Net Income": -21
    },
    "2023-06-30": {
        "Tax Effect Of Unusual Items": 0.0,
        "Tax Rate For Calcs": 0.21,
        "Normalized EBITDA": -74824000.0,
        "Net Income From Continuing Operation Net Minority Interest": -85320000.0,
        "Reconciled Depreciation": 6159000.0,
        "Reconciled Cost Of Revenue": 90095000.0,
        "EBITDA": -74824000.0,
        "EBIT": -80983000.0,
        "Net Interest Income": -632000.0,
        "Interest Expense": 3052000.0,
        "Interest Income": 2420000.0,
        "Normalized Income": -85320000.0,
        "Net Income From Continuing And Discontinued Operation": -85320000.0,
        "Total Expenses": 147953000.0,
        "Total Operating Income As Reported": 13688000.0,
        "Diluted Average Shares": 52861000.0,
        "Basic Average Shares": 52861000.0,
        "Diluted EPS": -1.61,
        "Basic EPS": -1.61,
        "Diluted NI Availto Com Stockholders": -85320000.0,
        "Net Income Common Stockholders": -85320000.0,
        "Otherunder Preferred Stock Dividend": 0.0,
        "Net Income": -85320000.0,
        "Net Income Including Noncontrolling Interests": -85320000.0,
        "Net Income Continuous Operations": -85320000.0,
        "Tax Provision": 1285000.0,
        "Pretax Income": -84035000.0,
        "Other Income Expense": -97091000.0,
        "Other Non Operating Income Expenses": -97091000.0,
        "Net Non Operating Interest Income Expense": -632000.0,
        "Interest Expense Non Operating": 3052000.0,
        "Interest Income Non Operating": 2420000.0,
        "Operating Income": 13688000.0,
        "Operating Expense": 53822000.0,
        "Other Operating Expenses": 493000.0,
        "Depreciation Amortization Depletion Income Statement": 2123000.0,
        "Depreciation And Amortization In Income Statement": 2123000.0,
        "Amortization": 2123000.0,
        "Amortization Of Intangibles Income Statement": 2123000.0,
        "Research And Development": 27384000.0,
        "Selling General And Administration": 23822000.0,
        "Gross Profit": 67510000.0,
        "Cost Of Revenue": 94131000.0,
        "Total Revenue": 161641000.0,
        "Operating Revenue": 161641000.0
    },
    "2023-09-30": {
        "Tax Effect Of Unusual Items": 0.0,
        "Tax Rate For Calcs": 0.21,
        "Normalized EBITDA": 31469000.0,
        "Net Income From Continuing Operation Net Minority Interest": 24574000.0,
        "Reconciled Depreciation": 6182000.0,
        "Reconciled Cost Of Revenue": 96430000.0,
        "EBITDA": 31469000.0,
        "EBIT": 25287000.0,
        "Net Interest Income": 247000.0,
        "Interest Expense": 2777000.0,
        "Interest Income": 3024000.0,
        "Normalized Income": 24574000.0,
        "Net Income From Continuing And Discontinued Operation": 24574000.0,
        "Total Expenses": 155103000.0,
        "Total Operating Income As Reported": 22263000.0,
        "Diluted Average Shares": 59636000.0,
        "Basic Average Shares": 55352000.0,
        "Diluted EPS": 0.42,
        "Basic EPS": 0.44,
        "Diluted NI Availto Com Stockholders": 25087000.0,
        "Net Income Common Stockholders": 25087000.0,
        "Otherunder Preferred Stock Dividend": -513000.0,
        "Net Income": 24574000.0,
        "Net Income Including Noncontrolling Interests": 24574000.0,
        "Net Income Continuous Operations": 24574000.0,
        "Tax Provision": -2064000.0,
        "Pretax Income": 22510000.0,
        "Other Income Expense": NaN,
        "Other Non Operating Income Expenses": NaN,
        "Net Non Operating Interest Income Expense": 247000.0,
        "Interest Expense Non Operating": 2777000.0,
        "Interest Income Non Operating": 3024000.0,
        "Operating Income": 22263000.0,
        "Operating Expense": 54614000.0,
        "Other Operating Expenses": 860000.0,
        "Depreciation Amortization Depletion Income Statement": 2123000.0,
        "Depreciation And Amortization In Income Statement": 2123000.0,
        "Amortization": 2123000.0,
        "Amortization Of Intangibles Income Statement": 2123000.0,
        "Research And Development": 28817000.0,
        "Selling General And Administration": 22814000.0,
        "Gross Profit": 76877000.0,
        "Cost Of Revenue": 100489000.0,
        "Total Revenue": 177366000.0,
        "Operating Revenue": 177366000.0
    },
    "2023-12-31": {
        "Tax Effect Of Unusual Items": 0.0,
        "Tax Rate For Calcs": 0.105281,
        "Normalized EBITDA": 33597000.0,
        "Net Income From Continuing Operation Net Minority Interest": 21637000.0,
        "Reconciled Depreciation": 6349000.0,
        "Reconciled Cost Of Revenue": 91043000.0,
        "EBITDA": 33597000.0,
        "EBIT": 27248000.0,
        "Net Interest Income": 0.0,
        "Interest Expense": 3065000.0,
        "Interest Income": 3065000.0,
        "Normalized Income": 21637000.0,
        "Net Income From Continuing And Discontinued Operation": 21637000.0,
        "Total Expenses": 149741000.0,
        "Total Operating Income As Reported": 24183000.0,
        "Diluted Average Shares": 59821000.0,
        "Basic Average Shares": 55537000.0,
        "Diluted EPS": 0.37,
        "Basic EPS": 0.39,
        "Diluted NI Availto Com Stockholders": 21637000.0,
        "Net Income Common Stockholders": 21637000.0,
        "Otherunder Preferred Stock Dividend": 0.0,
        "Net Income": 21637000.0,
        "Net Income Including Noncontrolling Interests": 21637000.0,
        "Net Income Continuous Operations": 21637000.0,
        "Tax Provision": 2546000.0,
        "Pretax Income": 24183000.0,
        "Other Income Expense": 0.0,
        "Other Non Operating Income Expenses": 0.0,
        "Net Non Operating Interest Income Expense": 0.0,
        "Interest Expense Non Operating": 3065000.0,
        "Interest Income Non Operating": 3065000.0,
        "Operating Income": 24183000.0,
        "Operating Expense": 54472000.0,
        "Other Operating Expenses": -235000.0,
        "Depreciation Amortization Depletion Income Statement": 2123000.0,
        "Depreciation And Amortization In Income Statement": 2123000.0,
        "Amortization": 2123000.0,
        "Amortization Of Intangibles Income Statement": 2123000.0,
        "Research And Development": 29091000.0,
        "Selling General And Administration": 23493000.0,
        "Gross Profit": 78655000.0,
        "Cost Of Revenue": 95269000.0,
        "Total Revenue": 173924000.0,
        "Operating Revenue": 173924000.0
    },
    "2024-03-31": {
        "Tax Effect Of Unusual Items": 0.0,
        "Tax Rate For Calcs": 0.0394,
        "Normalized EBITDA": 31774000.0,
        "Net Income From Continuing Operation Net Minority Interest": 21854000.0,
        "Reconciled Depreciation": 6405000.0,
        "Reconciled Cost Of Revenue": 94551000.0,
        "EBITDA": 31774000.0,
        "EBIT": 25369000.0,
        "Net Interest Income": 705000.0,
        "Interest Expense": 2619000.0,
        "Interest Income": 3324000.0,
        "Normalized Income": 21854000.0,
        "Net Income From Continuing And Discontinued Operation": 21854000.0,
        "Total Expenses": 152439000.0,
        "Total Operating Income As Reported": 22045000.0,
        "Diluted Average Shares": 60764000.0,
        "Basic Average Shares": 55968000.0,
        "Diluted EPS": 0.37,
        "Basic EPS": 0.39,
        "Diluted NI Availto Com Stockholders": 22368000.0,
        "Net Income Common Stockholders": 22368000.0,
        "Otherunder Preferred Stock Dividend": -514000.0,
        "Net Income": 21854000.0,
        "Net Income Including Noncontrolling Interests": 21854000.0,
        "Net Income Continuous Operations": 21854000.0,
        "Tax Provision": 896000.0,
        "Pretax Income": 22750000.0,
        "Other Income Expense": NaN,
        "Other Non Operating Income Expenses": NaN,
        "Net Non Operating Interest Income Expense": 705000.0,
        "Interest Expense Non Operating": 2619000.0,
        "Interest Income Non Operating": 3324000.0,
        "Operating Income": 22045000.0,
        "Operating Expense": 53374000.0,
        "Other Operating Expenses": -2859000.0,
        "Depreciation Amortization Depletion Income Statement": 1891000.0,
        "Depreciation And Amortization In Income Statement": 1891000.0,
        "Amortization": 1891000.0,
        "Amortization Of Intangibles Income Statement": 1891000.0,
        "Research And Development": 29642000.0,
        "Selling General And Administration": 24700000.0,
        "Gross Profit": 75419000.0,
        "Cost Of Revenue": 99065000.0,
        "Total Revenue": 174484000.0,
        "Operating Revenue": 174484000.0
    },
    "2024-06-30": {
        "Tax Effect Of Unusual Items": 0.0,
        "Tax Rate For Calcs": 0.1246,
        "Normalized EBITDA": 26440000.0,
        "Net Income From Continuing Operation Net Minority Interest": 14944000.0,
        "Reconciled Depreciation": 6603000.0,
        "Reconciled Cost Of Revenue": 95711000.0,
        "EBITDA": 26440000.0,
        "EBIT": 19837000.0,
        "Net Interest Income": 349000.0,
        "Interest Expense": 2766000.0,
        "Interest Income": 3115000.0,
        "Normalized Income": 14944000.0,
        "Net Income From Continuing And Discontinued Operation": 14944000.0,
        "Total Expenses": 159157000.0,
        "Total Operating Income As Reported": 16722000.0,
        "Diluted Average Shares": 62535000.0,
        "Basic Average Shares": 56277000.0,
        "Diluted EPS": 0.25,
        "Basic EPS": 0.27,
        "Diluted NI Availto Com Stockholders": 15456000.0,
        "Net Income Common Stockholders": 15456000.0,
        "Otherunder Preferred Stock Dividend": -512000.0,
        "Net Income": 14944000.0,
        "Net Income Including Noncontrolling Interests": 14944000.0,
        "Net Income Continuous Operations": 14944000.0,
        "Tax Provision": 2127000.0,
        "Pretax Income": 17071000.0,
        "Other Income Expense": NaN,
        "Other Non Operating Income Expenses": NaN,
        "Net Non Operating Interest Income Expense": 349000.0,
        "Interest Expense Non Operating": 2766000.0,
        "Interest Income Non Operating": 3115000.0,
        "Operating Income": 16722000.0,
        "Operating Expense": 58668000.0,
        "Other Operating Expenses": 552000.0,
        "Depreciation Amortization Depletion Income Statement": 1825000.0,
        "Depreciation And Amortization In Income Statement": 1825000.0,
        "Amortization": 1825000.0,
        "Amortization Of Intangibles Income Statement": 1825000.0,
        "Research And Development": 31696000.0,
        "Selling General And Administration": 24595000.0,
        "Gross Profit": 75390000.0,
        "Cost Of Revenue": 100489000.0,
        "Total Revenue": 175879000.0,
        "Operating Revenue": 175879000.0
    }
}