{
    "2023-04-30": {
        "Tax Effect Of Unusual Items": 0.0,
        "Tax Rate For Calcs": 0.4,
        "Normalized EBITDA": 69079000.0,
        "Net Income From Continuing Operation Net Minority Interest": 131521000.0,
        "Reconciled Depreciation": 7549000.0,
        "Reconciled Cost Of Revenue": 166663000.0,
        "EBIT": 61530000.0,
        "Normalized Income": 131521000.0,
        "Net Income From Continuing And Discontinued Operation": 131521000.0,
        "Total Expenses": 464795000.0,
        "Total Operating Income As Reported": 61530000.0,
        "Diluted Average Shares": 162521000.0,
        "Basic Average Shares": 159852000.0,
        "Diluted EPS": 0.81,
        "Basic EPS": 0.82,
        "Diluted NI Availto Com Stockholders": 131521000.0,
        "Net Income Common Stockholders": 131521000.0,
        "Net Income": 131521000.0,
        "Net Income Including Noncontrolling Interests": 131521000.0,
        "Net Income Continuous Operations": 131521000.0,
        "Tax Provision": -39743000.0,
        "Pretax Income": 91778000.0,
        "Other Income Expense": 30248000.0,
        "Other Non Operating Income Expenses": 30248000.0,
        "Operating Income": 61530000.0,
        "Operating Expense": 298132000.0,
        "Research And Development": 146960000.0,
        "Selling General And Administration": 151172000.0,
        "Selling And Marketing Expense": 68368000.0,
        "General And Administrative Expense": 82804000.0,
        "Other Gand A": 45218000.0,
        "Salaries And Wages": 37586000.0,
        "Gross Profit": 359662000.0,
        "Cost Of Revenue": 166663000.0,
        "Total Revenue": 526325000.0,
        "Operating Revenue": 526325000.0
    },
    "2023-01-31": {
        "Tax Effect Of Unusual Items": 0.0,
        "Tax Rate For Calcs": 0.4,
        "Normalized EBITDA": 116602000.0,
        "Net Income From Continuing Operation Net Minority Interest": 188533000.0,
        "Reconciled Depreciation": 7679000.0,
        "Reconciled Cost Of Revenue": 164314000.0,
        "EBIT": 108923000.0,
        "Normalized Income": 188533000.0,
        "Net Income From Continuing And Discontinued Operation": 188533000.0,
        "Total Expenses": 454466000.0,
        "Total Operating Income As Reported": 108923000.0,
        "Diluted Average Shares": 162104000.0,
        "Basic Average Shares": 156512000.0,
        "Diluted EPS": 1.16,
        "Basic EPS": 1.2,
        "Diluted NI Availto Com Stockholders": 188533000.0,
        "Net Income Common Stockholders": 188533000.0,
        "Net Income": 188533000.0,
        "Net Income Including Noncontrolling Interests": 188533000.0,
        "Net Income Continuous Operations": 188533000.0,
        "Tax Provision": -53170000.0,
        "Pretax Income": 135363000.0,
        "Other Income Expense": 26440000.0,
        "Other Non Operating Income Expenses": 26440000.0,
        "Operating Income": 108923000.0,
        "Operating Expense": 290152000.0,
        "Research And Development": 142538000.0,
        "Selling General And Administration": 147614000.0,
        "Selling And Marketing Expense": 89049000.0,
        "General And Administrative Expense": 58565000.0,
        "Other Gand A": 58565000.0,
        "Salaries And Wages": NaN,
        "Gross Profit": 399075000.0,
        "Cost Of Revenue": 164314000.0,
        "Total Revenue": 563389000.0,
        "Operating Revenue": 563389000.0
    },
    "2022-10-31": {
        "Tax Effect Of Unusual Items": 0.0,
        "Tax Rate For Calcs": 0.189785,
        "Normalized EBITDA": 128561000.0,
        "Net Income From Continuing Operation Net Minority Interest": 108457000.0,
        "Reconciled Depreciation": 7157000.0,
        "Reconciled Cost Of Revenue": 153907000.0,
        "EBIT": 121404000.0,
        "Normalized Income": 108457000.0,
        "Net Income From Continuing And Discontinued Operation": 108457000.0,
        "Total Expenses": 430947000.0,
        "Total Operating Income As Reported": 121404000.0,
        "Diluted Average Shares": 162295000.0,
        "Basic Average Shares": 155392000.0,
        "Diluted EPS": 0.67,
        "Basic EPS": 0.7,
        "Diluted NI Availto Com Stockholders": 108457000.0,
        "Net Income Common Stockholders": 108457000.0,
        "Net Income": 108457000.0,
        "Net Income Including Noncontrolling Interests": 108457000.0,
        "Net Income Continuous Operations": 108457000.0,
        "Tax Provision": 25405000.0,
        "Pretax Income": 133862000.0,
        "Other Income Expense": 12458000.0,
        "Other Non Operating Income Expenses": 12458000.0,
        "Operating Income": 121404000.0,
        "Operating Expense": 277040000.0,
        "Research And Development": 130257000.0,
        "Selling General And Administration": 146783000.0,
        "Selling And Marketing Expense": 93910000.0,
        "General And Administrative Expense": 52873000.0,
        "Other Gand A": 52873000.0,
        "Salaries And Wages": NaN,
        "Gross Profit": 398444000.0,
        "Cost Of Revenue": 153907000.0,
        "Total Revenue": 552351000.0,
        "Operating Revenue": 552351000.0
    },
    "2022-07-31": {
        "Tax Effect Of Unusual Items": 0.0,
        "Tax Rate For Calcs": 0.172518,
        "Normalized EBITDA": 108320000.0,
        "Net Income From Continuing Operation Net Minority Interest": 90601000.0,
        "Reconciled Depreciation": 7228000.0,
        "Reconciled Cost Of Revenue": 151669000.0,
        "EBIT": 101092000.0,
        "Normalized Income": 90601000.0,
        "Net Income From Continuing And Discontinued Operation": 90601000.0,
        "Total Expenses": 433126000.0,
        "Total Operating Income As Reported": 101092000.0,
        "Diluted Average Shares": 162132000.0,
        "Basic Average Shares": 154951000.0,
        "Diluted EPS": 0.56,
        "Basic EPS": 0.58,
        "Diluted NI Availto Com Stockholders": 90601000.0,
        "Net Income Common Stockholders": 90601000.0,
        "Net Income": 90601000.0,
        "Net Income Including Noncontrolling Interests": 90601000.0,
        "Net Income Continuous Operations": 90601000.0,
        "Tax Provision": 18889000.0,
        "Pretax Income": 109490000.0,
        "Other Income Expense": 8398000.0,
        "Other Non Operating Income Expenses": 8398000.0,
        "Operating Income": 101092000.0,
        "Operating Expense": 281457000.0,
        "Research And Development": 134008000.0,
        "Selling General And Administration": 147449000.0,
        "Selling And Marketing Expense": 89617000.0,
        "General And Administrative Expense": 57832000.0,
        "Other Gand A": 57832000.0,
        "Salaries And Wages": NaN,
        "Gross Profit": 382549000.0,
        "Cost Of Revenue": 151669000.0,
        "Total Revenue": 534218000.0,
        "Operating Revenue": 534218000.0
    },
    "2022-04-30": {
        "Diluted EPS": 0.62,
        "Total Revenue": 505,
        "Gross Profit": 366,
        "Operating Income": 128,
        "EBIT": 142,
        "Net Income": 100
    },
    "2022-01-31": {
        "Diluted EPS": 0.6,
        "Total Revenue": 485,
        "Gross Profit": 350,
        "Operating Income": 120,
        "EBIT": 135,
        "Net Income": 97
    },
    "2021-10-31": {
        "Diluted EPS": 0.65,
        "Total Revenue": 476,
        "Gross Profit": 347,
        "Operating Income": 133,
        "EBIT": 148,
        "Net Income": 106
    },
    "2021-07-31": {
        "Diluted EPS": 0.67,
        "Total Revenue": 456,
        "Gross Profit": 333,
        "Operating Income": 125,
        "EBIT": 140,
        "Net Income": 109
    },
    "2021-04-30": {
        "Diluted EPS": 0.71,
        "Total Revenue": 434,
        "Gross Profit": 317,
        "Operating Income": 128,
        "EBIT": 143,
        "Net Income": 116
    },
    "2021-01-31": {
        "Diluted EPS": 0.64,
        "Total Revenue": 397,
        "Gross Profit": 283,
        "Operating Income": 99,
        "EBIT": 112,
        "Net Income": 103
    },
    "2020-10-31": {
        "Diluted EPS": 0.6,
        "Total Revenue": 378,
        "Gross Profit": 275,
        "Operating Income": 101,
        "EBIT": 115,
        "Net Income": 97
    },
    "2020-07-31": {
        "Diluted EPS": 0.58,
        "Total Revenue": 354,
        "Gross Profit": 256,
        "Operating Income": 90,
        "EBIT": 103,
        "Net Income": 94
    },
    "2020-04-30": {
        "Diluted EPS": 0.54,
        "Total Revenue": 337,
        "Gross Profit": 242,
        "Operating Income": 88,
        "EBIT": 100,
        "Net Income": 87
    },
    "2020-01-31": {
        "Diluted EPS": 0.41,
        "Total Revenue": 312,
        "Gross Profit": 217,
        "Operating Income": 60,
        "EBIT": 74,
        "Net Income": 66
    },
    "2019-10-31": {
        "Diluted EPS": 0.52,
        "Total Revenue": 281,
        "Gross Profit": 208,
        "Operating Income": 81,
        "EBIT": 89,
        "Net Income": 82
    },
    "2019-07-31": {
        "Diluted EPS": 0.5,
        "Total Revenue": 267,
        "Gross Profit": 197,
        "Operating Income": 74,
        "EBIT": 81,
        "Net Income": 79
    },
    "2019-04-30": {
        "Diluted EPS": 0.47,
        "Total Revenue": 245,
        "Gross Profit": 179,
        "Operating Income": 71,
        "EBIT": 79,
        "Net Income": 73
    },
    "2019-01-31": {
        "Diluted EPS": 0.45,
        "Total Revenue": 232,
        "Gross Profit": 168,
        "Operating Income": 63,
        "EBIT": 70,
        "Net Income": 71
    },
    "2018-10-31": {
        "Diluted EPS": 0.41,
        "Total Revenue": 225,
        "Gross Profit": 163,
        "Operating Income": 63,
        "EBIT": 70,
        "Net Income": 64
    },
    "2018-07-31": {
        "Diluted EPS": 0.32,
        "Total Revenue": 210,
        "Gross Profit": 150,
        "Operating Income": 53,
        "EBIT": 61,
        "Net Income": 50
    },
    "2018-04-30": {
        "Diluted EPS": 0.29,
        "Total Revenue": 196,
        "Gross Profit": 135,
        "Operating Income": 44,
        "EBIT": 52,
        "Net Income": 44
    },
    "2018-01-31": {
        "Diluted EPS": 0.26,
        "Total Revenue": 186,
        "Gross Profit": 127,
        "Operating Income": 39,
        "EBIT": 47,
        "Net Income": 41
    },
    "2017-10-31": {
        "Diluted EPS": 0.23,
        "Total Revenue": 177,
        "Gross Profit": 124,
        "Operating Income": 42,
        "EBIT": 51,
        "Net Income": 35
    },
    "2017-07-31": {
        "Diluted EPS": 0.25,
        "Total Revenue": 168,
        "Gross Profit": 117,
        "Operating Income": 38,
        "EBIT": 46,
        "Net Income": 39
    },
    "2017-04-30": {
        "Diluted EPS": 0.24,
        "Total Revenue": 160,
        "Gross Profit": 111,
        "Operating Income": 39,
        "EBIT": 47,
        "Net Income": 37
    },
    "2017-01-31": {
        "Diluted EPS": 0.2,
        "Total Revenue": 157,
        "Gross Profit": 110,
        "Operating Income": 45,
        "EBIT": 63,
        "Net Income": 30
    },
    "2016-10-31": {
        "Diluted EPS": 0.15,
        "Total Revenue": 143,
        "Gross Profit": 99,
        "Operating Income": 34,
        "EBIT": 38,
        "Net Income": 22
    },
    "2016-07-31": {
        "Diluted EPS": 0.09,
        "Total Revenue": 131,
        "Gross Profit": 89,
        "Operating Income": 24,
        "EBIT": 28,
        "Net Income": 13
    },
    "2016-04-30": {
        "Diluted EPS": 0.09,
        "Total Revenue": 120,
        "Gross Profit": 79,
        "Operating Income": 18,
        "EBIT": 22,
        "Net Income": 13
    },
    "2016-01-31": {
        "Diluted EPS": 0.13,
        "Total Revenue": 114,
        "Gross Profit": 75,
        "Operating Income": 15,
        "EBIT": 19,
        "Net Income": 18
    },
    "2015-10-31": {
        "Diluted EPS": 0.07,
        "Total Revenue": 107,
        "Gross Profit": 70,
        "Operating Income": 20,
        "EBIT": 23,
        "Net Income": 10
    },
    "2015-07-31": {
        "Diluted EPS": 0.09,
        "Total Revenue": 98,
        "Gross Profit": 65,
        "Operating Income": 22,
        "EBIT": 24,
        "Net Income": 13
    },
    "2015-04-30": {
        "Diluted EPS": 0.09,
        "Total Revenue": 90,
        "Gross Profit": 58,
        "Operating Income": 21,
        "EBIT": 23,
        "Net Income": 13
    },
    "2015-01-31": {
        "Diluted EPS": 0.09,
        "Total Revenue": 87,
        "Gross Profit": 56,
        "Operating Income": 21,
        "EBIT": 23,
        "Net Income": 13
    },
    "2014-10-31": {
        "Diluted EPS": 0.07,
        "Total Revenue": 84,
        "Gross Profit": 53,
        "Operating Income": 20,
        "EBIT": 22,
        "Net Income": 10
    },
    "2014-07-31": {
        "Diluted EPS": 0.07,
        "Total Revenue": 76,
        "Gross Profit": 48,
        "Operating Income": 17,
        "EBIT": 18,
        "Net Income": 10
    },
    "2014-04-30": {
        "Diluted EPS": 0.05,
        "Total Revenue": 67,
        "Gross Profit": 41,
        "Operating Income": 13,
        "EBIT": 14,
        "Net Income": 7
    },
    "2014-01-31": {
        "Diluted EPS": 0.04,
        "Total Revenue": 63,
        "Gross Profit": 38,
        "Operating Income": 11,
        "EBIT": 12,
        "Net Income": -3
    },
    "2013-10-31": {
        "Diluted EPS": 0.05,
        "Total Revenue": 55,
        "Gross Profit": 34,
        "Operating Income": 10,
        "EBIT": 11,
        "Net Income": 2
    },
    "2013-07-31": {
        "Diluted EPS": 0.03,
        "Total Revenue": 50,
        "Gross Profit": 30,
        "Operating Income": 10,
        "EBIT": 10,
        "Net Income": 6
    },
    "2013-04-30": {
        "Diluted EPS": 0.03,
        "Total Revenue": 43,
        "Gross Profit": 25,
        "Operating Income": 8,
        "EBIT": 9,
        "Net Income": 5
    },
    "2013-01-31": {
        "Diluted EPS": 0.0,
        "Total Revenue": NaN,
        "Gross Profit": NaN,
        "Operating Income": NaN,
        "EBIT": NaN,
        "Net Income": NaN
    },
    "2012-10-31": {
        "Diluted EPS": 0.03,
        "Total Revenue": 36,
        "Gross Profit": 20,
        "Operating Income": 9,
        "EBIT": 9,
        "Net Income": 6
    },
    "2012-01-31": {
        "Diluted EPS": 0.0,
        "Total Revenue": NaN,
        "Gross Profit": NaN,
        "Operating Income": NaN,
        "EBIT": NaN,
        "Net Income": NaN
    },
    "2011-01-31": {
        "Diluted EPS": 0.0,
        "Total Revenue": NaN,
        "Gross Profit": NaN,
        "Operating Income": NaN,
        "EBIT": NaN,
        "Net Income": NaN
    },
    "2023-07-31": {
        "Tax Effect Of Unusual Items": 0.0,
        "Tax Rate For Calcs": 0.218702,
        "Normalized EBITDA": 112136000.0,
        "Net Income From Continuing Operation Net Minority Interest": 111628000.0,
        "Reconciled Depreciation": 8087000.0,
        "Reconciled Cost Of Revenue": 169018000.0,
        "EBIT": 104049000.0,
        "Normalized Income": 111628000.0,
        "Net Income From Continuing And Discontinued Operation": 111628000.0,
        "Total Expenses": 486176000.0,
        "Total Operating Income As Reported": 104049000.0,
        "Diluted Average Shares": 163284000.0,
        "Basic Average Shares": 160396000.0,
        "Diluted EPS": 0.68,
        "Basic EPS": 0.7,
        "Diluted NI Availto Com Stockholders": 111628000.0,
        "Net Income Common Stockholders": 111628000.0,
        "Net Income": 111628000.0,
        "Net Income Including Noncontrolling Interests": 111628000.0,
        "Net Income Continuous Operations": 111628000.0,
        "Tax Provision": 31247000.0,
        "Pretax Income": 142875000.0,
        "Other Income Expense": 38826000.0,
        "Other Non Operating Income Expenses": 38826000.0,
        "Operating Income": 104049000.0,
        "Operating Expense": 317158000.0,
        "Research And Development": 157228000.0,
        "Selling General And Administration": 159930000.0,
        "Selling And Marketing Expense": 73506000.0,
        "General And Administrative Expense": 86424000.0,
        "Other Gand A": 44785000.0,
        "Salaries And Wages": 41639000.0,
        "Gross Profit": 421207000.0,
        "Cost Of Revenue": 169018000.0,
        "Total Revenue": 590225000.0,
        "Operating Revenue": 590225000.0
    }
}