{
    "2023-03-31": {
        "Tax Effect Of Unusual Items": 0.0,
        "Tax Rate For Calcs": 0.279,
        "Net Income From Continuing Operation Net Minority Interest": 10649000.0,
        "Reconciled Depreciation": 505000.0,
        "Net Interest Income": 24353000.0,
        "Interest Expense": 46168000.0,
        "Interest Income": 70521000.0,
        "Normalized Income": 10649000.0,
        "Net Income From Continuing And Discontinued Operation": 10649000.0,
        "Rent Expense Supplemental": 446000.0,
        "Diluted Average Shares": 34052000.0,
        "Basic Average Shares": 32098000.0,
        "Diluted EPS": 0.31,
        "Basic EPS": 0.33,
        "Diluted NI Availto Com Stockholders": 10489000.0,
        "Average Dilution Earnings": NaN,
        "Net Income Common Stockholders": 10489000.0,
        "Otherunder Preferred Stock Dividend": 160000.0,
        "Net Income": 10649000.0,
        "Minority Interests": -87000.0,
        "Net Income Including Noncontrolling Interests": 10736000.0,
        "Net Income Continuous Operations": 10736000.0,
        "Tax Provision": 4021000.0,
        "Pretax Income": 14757000.0,
        "Gain On Sale Of Security": -170000.0,
        "Selling General And Administration": 10454000.0,
        "General And Administrative Expense": 10454000.0,
        "Rent And Landing Fees": 446000.0,
        "Salaries And Wages": 10008000.0,
        "Total Revenue": 33367000.0,
        "Operating Revenue": 33367000.0
    },
    "2022-12-31": {
        "Tax Effect Of Unusual Items": NaN,
        "Tax Rate For Calcs": NaN,
        "Net Income From Continuing Operation Net Minority Interest": NaN,
        "Reconciled Depreciation": NaN,
        "Net Interest Income": NaN,
        "Interest Expense": NaN,
        "Interest Income": NaN,
        "Normalized Income": NaN,
        "Net Income From Continuing And Discontinued Operation": NaN,
        "Rent Expense Supplemental": NaN,
        "Diluted Average Shares": 34063000.0,
        "Basic Average Shares": 31923000.0,
        "Diluted EPS": 0.25,
        "Basic EPS": 0.26,
        "Diluted NI Availto Com Stockholders": NaN,
        "Average Dilution Earnings": NaN,
        "Net Income Common Stockholders": NaN,
        "Otherunder Preferred Stock Dividend": NaN,
        "Net Income": NaN,
        "Minority Interests": NaN,
        "Net Income Including Noncontrolling Interests": NaN,
        "Net Income Continuous Operations": NaN,
        "Tax Provision": NaN,
        "Pretax Income": NaN,
        "Gain On Sale Of Security": NaN,
        "Selling General And Administration": NaN,
        "General And Administrative Expense": NaN,
        "Rent And Landing Fees": NaN,
        "Salaries And Wages": NaN,
        "Total Revenue": NaN,
        "Operating Revenue": NaN
    },
    "2022-09-30": {
        "Tax Effect Of Unusual Items": NaN,
        "Tax Rate For Calcs": NaN,
        "Net Income From Continuing Operation Net Minority Interest": NaN,
        "Reconciled Depreciation": NaN,
        "Net Interest Income": NaN,
        "Interest Expense": NaN,
        "Interest Income": NaN,
        "Normalized Income": NaN,
        "Net Income From Continuing And Discontinued Operation": NaN,
        "Rent Expense Supplemental": NaN,
        "Diluted Average Shares": NaN,
        "Basic Average Shares": NaN,
        "Diluted EPS": NaN,
        "Basic EPS": NaN,
        "Diluted NI Availto Com Stockholders": NaN,
        "Average Dilution Earnings": 152000.0,
        "Net Income Common Stockholders": NaN,
        "Otherunder Preferred Stock Dividend": NaN,
        "Net Income": NaN,
        "Minority Interests": NaN,
        "Net Income Including Noncontrolling Interests": NaN,
        "Net Income Continuous Operations": NaN,
        "Tax Provision": NaN,
        "Pretax Income": NaN,
        "Gain On Sale Of Security": NaN,
        "Selling General And Administration": NaN,
        "General And Administrative Expense": NaN,
        "Rent And Landing Fees": NaN,
        "Salaries And Wages": NaN,
        "Total Revenue": NaN,
        "Operating Revenue": NaN
    },
    "2022-06-30": {
        "Tax Effect Of Unusual Items": 0.0,
        "Tax Rate For Calcs": 0.271738,
        "Net Income From Continuing Operation Net Minority Interest": 10645000.0,
        "Reconciled Depreciation": 529000.0,
        "Net Interest Income": 26309000.0,
        "Interest Expense": 32934000.0,
        "Interest Income": 59243000.0,
        "Normalized Income": 10645000.0,
        "Net Income From Continuing And Discontinued Operation": 10645000.0,
        "Rent Expense Supplemental": 426000.0,
        "Diluted Average Shares": 34057000.0,
        "Basic Average Shares": 31917000.0,
        "Diluted EPS": 0.31,
        "Basic EPS": 0.33,
        "Diluted NI Availto Com Stockholders": 10645000.0,
        "Average Dilution Earnings": 164000.0,
        "Net Income Common Stockholders": 10481000.0,
        "Otherunder Preferred Stock Dividend": 164000.0,
        "Net Income": 10645000.0,
        "Minority Interests": -126000.0,
        "Net Income Including Noncontrolling Interests": 10771000.0,
        "Net Income Continuous Operations": 10771000.0,
        "Tax Provision": 4019000.0,
        "Pretax Income": 14790000.0,
        "Gain On Sale Of Security": NaN,
        "Selling General And Administration": 6979000.0,
        "General And Administrative Expense": 6979000.0,
        "Rent And Landing Fees": 426000.0,
        "Salaries And Wages": 6553000.0,
        "Total Revenue": 26058000.0,
        "Operating Revenue": 26058000.0
    },
    "2022-03-31": {
        "Diluted EPS": 0.09,
        "Total Revenue": NaN,
        "Gross Profit": NaN,
        "Operating Income": -7,
        "EBIT": 5,
        "Net Income": 3
    },
    "2021-12-31": {
        "Diluted EPS": 0.25,
        "Total Revenue": NaN,
        "Gross Profit": NaN,
        "Operating Income": -10,
        "EBIT": -3,
        "Net Income": 8
    },
    "2021-09-30": {
        "Diluted EPS": 0.23,
        "Total Revenue": NaN,
        "Gross Profit": NaN,
        "Operating Income": -11,
        "EBIT": -7,
        "Net Income": 5
    },
    "2021-06-30": {
        "Diluted EPS": 0.28,
        "Total Revenue": NaN,
        "Gross Profit": NaN,
        "Operating Income": -7,
        "EBIT": -3,
        "Net Income": 6
    },
    "2021-03-31": {
        "Diluted EPS": 0.1,
        "Total Revenue": NaN,
        "Gross Profit": NaN,
        "Operating Income": -8,
        "EBIT": -1,
        "Net Income": 2
    },
    "2020-12-31": {
        "Diluted EPS": 0.54,
        "Total Revenue": NaN,
        "Gross Profit": NaN,
        "Operating Income": -6,
        "EBIT": -3,
        "Net Income": 10
    },
    "2020-09-30": {
        "Diluted EPS": 0.11,
        "Total Revenue": NaN,
        "Gross Profit": NaN,
        "Operating Income": -12,
        "EBIT": -8,
        "Net Income": 3
    },
    "2020-06-30": {
        "Diluted EPS": -2.33,
        "Total Revenue": NaN,
        "Gross Profit": NaN,
        "Operating Income": -14,
        "EBIT": -11,
        "Net Income": -47
    },
    "2020-03-31": {
        "Diluted EPS": 0.13,
        "Total Revenue": NaN,
        "Gross Profit": NaN,
        "Operating Income": -12,
        "EBIT": -5,
        "Net Income": 3
    },
    "2019-12-31": {
        "Diluted EPS": 0.44,
        "Total Revenue": 18,
        "Gross Profit": 18,
        "Operating Income": 9,
        "EBIT": 12,
        "Net Income": 5
    },
    "2019-09-30": {
        "Diluted EPS": 0.0,
        "Total Revenue": NaN,
        "Gross Profit": NaN,
        "Operating Income": -9,
        "EBIT": -5,
        "Net Income": 4
    },
    "2019-06-30": {
        "Diluted EPS": 0.0,
        "Total Revenue": NaN,
        "Gross Profit": NaN,
        "Operating Income": -8,
        "EBIT": -5,
        "Net Income": 4
    },
    "2019-03-31": {
        "Diluted EPS": 0.0,
        "Total Revenue": NaN,
        "Gross Profit": NaN,
        "Operating Income": -7,
        "EBIT": -5,
        "Net Income": 5
    },
    "2018-12-31": {
        "Diluted EPS": 0.0,
        "Total Revenue": NaN,
        "Gross Profit": NaN,
        "Operating Income": NaN,
        "EBIT": NaN,
        "Net Income": NaN
    },
    "2017-12-31": {
        "Diluted EPS": 0.0,
        "Total Revenue": NaN,
        "Gross Profit": NaN,
        "Operating Income": NaN,
        "EBIT": NaN,
        "Net Income": NaN
    },
    "2023-06-30": {
        "Tax Effect Of Unusual Items": 0.0,
        "Tax Rate For Calcs": 0.273538,
        "Net Income From Continuing Operation Net Minority Interest": 12183000.0,
        "Reconciled Depreciation": 518000.0,
        "Net Interest Income": 25307000.0,
        "Interest Expense": 49590000.0,
        "Interest Income": 74897000.0,
        "Normalized Income": 12183000.0,
        "Net Income From Continuing And Discontinued Operation": 12183000.0,
        "Rent Expense Supplemental": 458000.0,
        "Diluted Average Shares": 34140000.0,
        "Basic Average Shares": 32122000.0,
        "Diluted EPS": 0.36,
        "Basic EPS": 0.37,
        "Diluted NI Availto Com Stockholders": 11998000.0,
        "Average Dilution Earnings": NaN,
        "Net Income Common Stockholders": 11998000.0,
        "Otherunder Preferred Stock Dividend": 185000.0,
        "Net Income": 12183000.0,
        "Minority Interests": -39000.0,
        "Net Income Including Noncontrolling Interests": 12222000.0,
        "Net Income Continuous Operations": 12222000.0,
        "Tax Provision": 4602000.0,
        "Pretax Income": 16824000.0,
        "Gain On Sale Of Security": 5560000.0,
        "Selling General And Administration": 11128000.0,
        "General And Administrative Expense": 11128000.0,
        "Rent And Landing Fees": 458000.0,
        "Salaries And Wages": 10670000.0,
        "Total Revenue": 35077000.0,
        "Operating Revenue": 35077000.0
    },
    "2023-09-30": {
        "Tax Effect Of Unusual Items": 0.0,
        "Tax Rate For Calcs": 0.294101,
        "Net Income From Continuing Operation Net Minority Interest": 12086000.0,
        "Reconciled Depreciation": 519000.0,
        "Net Interest Income": 27367000.0,
        "Interest Expense": 51721000.0,
        "Interest Income": 79088000.0,
        "Normalized Income": 12086000.0,
        "Net Income From Continuing And Discontinued Operation": 12086000.0,
        "Rent Expense Supplemental": 472000.0,
        "Diluted Average Shares": 34731000.0,
        "Basic Average Shares": 32275000.0,
        "Diluted EPS": 0.35,
        "Basic EPS": 0.37,
        "Diluted NI Availto Com Stockholders": 11903000.0,
        "Average Dilution Earnings": NaN,
        "Net Income Common Stockholders": 11903000.0,
        "Otherunder Preferred Stock Dividend": 183000.0,
        "Net Income": 12086000.0,
        "Minority Interests": -83000.0,
        "Net Income Including Noncontrolling Interests": 12169000.0,
        "Net Income Continuous Operations": 12169000.0,
        "Tax Provision": 5070000.0,
        "Pretax Income": 17239000.0,
        "Gain On Sale Of Security": 9692000.0,
        "Selling General And Administration": 12995000.0,
        "General And Administrative Expense": 12995000.0,
        "Rent And Landing Fees": 472000.0,
        "Salaries And Wages": 12523000.0,
        "Total Revenue": 39826000.0,
        "Operating Revenue": 39826000.0
    },
    "2023-12-31": {
        "Tax Effect Of Unusual Items": 0.0,
        "Tax Rate For Calcs": 0.230455,
        "Net Income From Continuing Operation Net Minority Interest": 17355000.0,
        "Reconciled Depreciation": 755000.0,
        "Net Interest Income": 30724000.0,
        "Interest Expense": 55545000.0,
        "Interest Income": 86269000.0,
        "Normalized Income": 17355000.0,
        "Net Income From Continuing And Discontinued Operation": 17355000.0,
        "Rent Expense Supplemental": 550000.0,
        "Diluted Average Shares": NaN,
        "Basic Average Shares": NaN,
        "Diluted EPS": NaN,
        "Basic EPS": NaN,
        "Diluted NI Availto Com Stockholders": 17132000.0,
        "Average Dilution Earnings": NaN,
        "Net Income Common Stockholders": 17132000.0,
        "Otherunder Preferred Stock Dividend": 223000.0,
        "Net Income": 17355000.0,
        "Minority Interests": 188000.0,
        "Net Income Including Noncontrolling Interests": 17167000.0,
        "Net Income Continuous Operations": 17167000.0,
        "Tax Provision": 5141000.0,
        "Pretax Income": 22308000.0,
        "Gain On Sale Of Security": -24085000.0,
        "Selling General And Administration": 18417000.0,
        "General And Administrative Expense": 17545000.0,
        "Rent And Landing Fees": 550000.0,
        "Salaries And Wages": 15144000.0,
        "Total Revenue": 47760000.0,
        "Operating Revenue": 47760000.0
    },
    "2024-03-31": {
        "Tax Effect Of Unusual Items": 0.0,
        "Tax Rate For Calcs": 0.284,
        "Net Income From Continuing Operation Net Minority Interest": 17251000.0,
        "Reconciled Depreciation": 526000.0,
        "Net Interest Income": 29474000.0,
        "Interest Expense": 61055000.0,
        "Interest Income": 90529000.0,
        "Normalized Income": 17251000.0,
        "Net Income From Continuing And Discontinued Operation": 17251000.0,
        "Rent Expense Supplemental": 498000.0,
        "Diluted Average Shares": 35439000.0,
        "Basic Average Shares": 32541000.0,
        "Diluted EPS": 0.49,
        "Basic EPS": 0.52,
        "Diluted NI Availto Com Stockholders": 17034000.0,
        "Average Dilution Earnings": NaN,
        "Net Income Common Stockholders": 17034000.0,
        "Otherunder Preferred Stock Dividend": 217000.0,
        "Net Income": 17251000.0,
        "Minority Interests": -82000.0,
        "Net Income Including Noncontrolling Interests": 17333000.0,
        "Net Income Continuous Operations": 17333000.0,
        "Tax Provision": 5903000.0,
        "Pretax Income": 23236000.0,
        "Gain On Sale Of Security": -2318000.0,
        "Selling General And Administration": 15855000.0,
        "General And Administrative Expense": 15855000.0,
        "Rent And Landing Fees": 498000.0,
        "Salaries And Wages": 15357000.0,
        "Total Revenue": 50425000.0,
        "Operating Revenue": 50425000.0
    }
}