{
    "2023-03-31": {
        "Tax Effect Of Unusual Items": 0.0,
        "Tax Rate For Calcs": 0.012,
        "Normalized EBITDA": -17382000.0,
        "Total Unusual Items": NaN,
        "Total Unusual Items Excluding Goodwill": NaN,
        "Net Income From Continuing Operation Net Minority Interest": -22963000.0,
        "Reconciled Depreciation": 6207000.0,
        "Reconciled Cost Of Revenue": 6031000.0,
        "EBITDA": -17382000.0,
        "EBIT": -23589000.0,
        "Net Interest Income": -805000.0,
        "Interest Expense": NaN,
        "Normalized Income": -22963000.0,
        "Net Income From Continuing And Discontinued Operation": -22963000.0,
        "Total Expenses": 53852000.0,
        "Total Operating Income As Reported": -23589000.0,
        "Diluted Average Shares": 36587946.0,
        "Basic Average Shares": 36587946.0,
        "Diluted EPS": -0.63,
        "Basic EPS": -0.63,
        "Diluted NI Availto Com Stockholders": -22963000.0,
        "Net Income Common Stockholders": -22963000.0,
        "Net Income": -22963000.0,
        "Net Income Including Noncontrolling Interests": -22963000.0,
        "Net Income Continuous Operations": -22963000.0,
        "Tax Provision": -271000.0,
        "Pretax Income": -23234000.0,
        "Other Income Expense": 1160000.0,
        "Other Non Operating Income Expenses": 1160000.0,
        "Special Income Charges": NaN,
        "Gain On Sale Of Business": NaN,
        "Other Special Charges": NaN,
        "Net Non Operating Interest Income Expense": -805000.0,
        "Total Other Finance Cost": 805000.0,
        "Interest Expense Non Operating": NaN,
        "Operating Income": -23589000.0,
        "Operating Expense": 47043000.0,
        "Depreciation Amortization Depletion Income Statement": 5429000.0,
        "Depreciation And Amortization In Income Statement": 5429000.0,
        "Amortization": 5429000.0,
        "Amortization Of Intangibles Income Statement": 5429000.0,
        "Research And Development": 11527000.0,
        "Selling General And Administration": 30087000.0,
        "Selling And Marketing Expense": 12690000.0,
        "General And Administrative Expense": 17397000.0,
        "Other Gand A": 17397000.0,
        "Gross Profit": 23454000.0,
        "Cost Of Revenue": 6809000.0,
        "Total Revenue": 30263000.0,
        "Operating Revenue": 30263000.0
    },
    "2022-12-31": {
        "Tax Effect Of Unusual Items": 0.0,
        "Tax Rate For Calcs": 0.21,
        "Normalized EBITDA": 16078000.0,
        "Total Unusual Items": NaN,
        "Total Unusual Items Excluding Goodwill": NaN,
        "Net Income From Continuing Operation Net Minority Interest": 4711000.0,
        "Reconciled Depreciation": 6420000.0,
        "Reconciled Cost Of Revenue": 5737000.0,
        "EBITDA": 16078000.0,
        "EBIT": 9658000.0,
        "Net Interest Income": -1192000.0,
        "Interest Expense": NaN,
        "Normalized Income": 4711000.0,
        "Net Income From Continuing And Discontinued Operation": 4711000.0,
        "Total Expenses": 53841000.0,
        "Total Operating Income As Reported": -9951000.0,
        "Diluted Average Shares": 42487004.0,
        "Basic Average Shares": 36359618.0,
        "Diluted EPS": -0.21,
        "Basic EPS": 0.14,
        "Diluted NI Availto Com Stockholders": 4711000.0,
        "Net Income Common Stockholders": 4711000.0,
        "Net Income": 4711000.0,
        "Net Income Including Noncontrolling Interests": 4711000.0,
        "Net Income Continuous Operations": 4711000.0,
        "Tax Provision": 3751000.0,
        "Pretax Income": 8462000.0,
        "Other Income Expense": 19605000.0,
        "Other Non Operating Income Expenses": 508000.0,
        "Special Income Charges": NaN,
        "Gain On Sale Of Business": NaN,
        "Other Special Charges": NaN,
        "Net Non Operating Interest Income Expense": -1192000.0,
        "Total Other Finance Cost": NaN,
        "Interest Expense Non Operating": NaN,
        "Operating Income": -9951000.0,
        "Operating Expense": 47134000.0,
        "Depreciation Amortization Depletion Income Statement": 5450000.0,
        "Depreciation And Amortization In Income Statement": 5450000.0,
        "Amortization": 5450000.0,
        "Amortization Of Intangibles Income Statement": 5450000.0,
        "Research And Development": 10854000.0,
        "Selling General And Administration": 30830000.0,
        "Selling And Marketing Expense": 13780000.0,
        "General And Administrative Expense": 17050000.0,
        "Other Gand A": 17050000.0,
        "Gross Profit": 37183000.0,
        "Cost Of Revenue": 6707000.0,
        "Total Revenue": 43890000.0,
        "Operating Revenue": 43890000.0
    },
    "2022-09-30": {
        "Tax Effect Of Unusual Items": 0.0,
        "Tax Rate For Calcs": 0.21,
        "Normalized EBITDA": 2314000.0,
        "Total Unusual Items": NaN,
        "Total Unusual Items Excluding Goodwill": NaN,
        "Net Income From Continuing Operation Net Minority Interest": -4886000.0,
        "Reconciled Depreciation": 5925000.0,
        "Reconciled Cost Of Revenue": 6676000.0,
        "EBITDA": 2314000.0,
        "EBIT": -3611000.0,
        "Net Interest Income": -1305000.0,
        "Interest Expense": NaN,
        "Normalized Income": -4886000.0,
        "Net Income From Continuing And Discontinued Operation": -4886000.0,
        "Total Expenses": 40807000.0,
        "Total Operating Income As Reported": -3611000.0,
        "Diluted Average Shares": 36202496.0,
        "Basic Average Shares": 36202496.0,
        "Diluted EPS": -0.13,
        "Basic EPS": -0.13,
        "Diluted NI Availto Com Stockholders": -4886000.0,
        "Average Dilution Earnings": NaN,
        "Net Income Common Stockholders": -4886000.0,
        "Net Income": -4886000.0,
        "Net Income Including Noncontrolling Interests": -4886000.0,
        "Net Income Continuous Operations": -4886000.0,
        "Tax Provision": 26000.0,
        "Pretax Income": -4860000.0,
        "Other Income Expense": -1249000.0,
        "Other Non Operating Income Expenses": -1249000.0,
        "Special Income Charges": NaN,
        "Other Special Charges": NaN,
        "Net Non Operating Interest Income Expense": -1305000.0,
        "Total Other Finance Cost": 1305000.0,
        "Interest Expense Non Operating": NaN,
        "Operating Income": -3611000.0,
        "Operating Expense": 33710000.0,
        "Depreciation Amortization Depletion Income Statement": 5504000.0,
        "Depreciation And Amortization In Income Statement": 5504000.0,
        "Amortization": 5504000.0,
        "Amortization Of Intangibles Income Statement": 5504000.0,
        "Research And Development": 11784000.0,
        "Selling General And Administration": 16422000.0,
        "Selling And Marketing Expense": 13920000.0,
        "General And Administrative Expense": 2502000.0,
        "Other Gand A": 2502000.0,
        "Gross Profit": 30099000.0,
        "Cost Of Revenue": 7097000.0,
        "Total Revenue": 37196000.0,
        "Operating Revenue": 37196000.0
    },
    "2022-06-30": {
        "Tax Effect Of Unusual Items": 0.0,
        "Tax Rate For Calcs": 0.330658,
        "Normalized EBITDA": 2681000.0,
        "Total Unusual Items": NaN,
        "Total Unusual Items Excluding Goodwill": NaN,
        "Net Income From Continuing Operation Net Minority Interest": -3253000.0,
        "Reconciled Depreciation": 6310000.0,
        "Reconciled Cost Of Revenue": 5606000.0,
        "EBITDA": 2681000.0,
        "EBIT": -3629000.0,
        "Net Interest Income": -1183000.0,
        "Interest Expense": NaN,
        "Normalized Income": -3253000.0,
        "Net Income From Continuing And Discontinued Operation": -3253000.0,
        "Total Expenses": 37864000.0,
        "Total Operating Income As Reported": -3629000.0,
        "Diluted Average Shares": 36083515.0,
        "Basic Average Shares": 36083515.0,
        "Diluted EPS": -0.09,
        "Basic EPS": -0.09,
        "Diluted NI Availto Com Stockholders": -3253000.0,
        "Average Dilution Earnings": NaN,
        "Net Income Common Stockholders": -3253000.0,
        "Net Income": -3253000.0,
        "Net Income Including Noncontrolling Interests": -3253000.0,
        "Net Income Continuous Operations": -3253000.0,
        "Tax Provision": -1607000.0,
        "Pretax Income": -4860000.0,
        "Other Income Expense": -1231000.0,
        "Other Non Operating Income Expenses": -1231000.0,
        "Special Income Charges": NaN,
        "Other Special Charges": NaN,
        "Net Non Operating Interest Income Expense": -1183000.0,
        "Total Other Finance Cost": 1183000.0,
        "Interest Expense Non Operating": NaN,
        "Operating Income": -3629000.0,
        "Operating Expense": 31159000.0,
        "Depreciation Amortization Depletion Income Statement": 5211000.0,
        "Depreciation And Amortization In Income Statement": 5211000.0,
        "Amortization": 5211000.0,
        "Amortization Of Intangibles Income Statement": 5211000.0,
        "Research And Development": 11068000.0,
        "Selling General And Administration": 14880000.0,
        "Selling And Marketing Expense": 12576000.0,
        "General And Administrative Expense": 2304000.0,
        "Other Gand A": 2304000.0,
        "Gross Profit": 27530000.0,
        "Cost Of Revenue": 6705000.0,
        "Total Revenue": 34235000.0,
        "Operating Revenue": 34235000.0
    },
    "2022-03-31": {
        "Diluted EPS": -0.62,
        "Total Revenue": 34,
        "Gross Profit": 27,
        "Operating Income": -21,
        "EBIT": -15,
        "Net Income": -22
    },
    "2021-12-31": {
        "Diluted EPS": -0.26,
        "Total Revenue": 55,
        "Gross Profit": 49,
        "Operating Income": -7,
        "EBIT": -2,
        "Net Income": -10
    },
    "2021-09-30": {
        "Diluted EPS": -0.34,
        "Total Revenue": 23,
        "Gross Profit": 17,
        "Operating Income": -11,
        "EBIT": -9,
        "Net Income": -11
    },
    "2021-06-30": {
        "Diluted EPS": -0.39,
        "Total Revenue": 19,
        "Gross Profit": 14,
        "Operating Income": -13,
        "EBIT": -11,
        "Net Income": -13
    },
    "2021-03-31": {
        "Diluted EPS": -0.95,
        "Total Revenue": 18,
        "Gross Profit": 13,
        "Operating Income": -31,
        "EBIT": -29,
        "Net Income": -31
    },
    "2020-12-31": {
        "Diluted EPS": -0.43,
        "Total Revenue": 17,
        "Gross Profit": 13,
        "Operating Income": -12,
        "EBIT": -11,
        "Net Income": -12
    },
    "2020-09-30": {
        "Diluted EPS": -0.4,
        "Total Revenue": 16,
        "Gross Profit": 11,
        "Operating Income": -11,
        "EBIT": -9,
        "Net Income": -11
    },
    "2020-06-30": {
        "Diluted EPS": -0.43,
        "Total Revenue": 13,
        "Gross Profit": 10,
        "Operating Income": -12,
        "EBIT": -10,
        "Net Income": -12
    },
    "2020-03-31": {
        "Diluted EPS": -0.47,
        "Total Revenue": 12,
        "Gross Profit": 9,
        "Operating Income": -13,
        "EBIT": -11,
        "Net Income": -13
    },
    "2019-12-31": {
        "Diluted EPS": -0.57,
        "Total Revenue": 12,
        "Gross Profit": 10,
        "Operating Income": -15,
        "EBIT": -13,
        "Net Income": -15
    },
    "2019-09-30": {
        "Diluted EPS": -0.64,
        "Total Revenue": 13,
        "Gross Profit": 9,
        "Operating Income": -16,
        "EBIT": -15,
        "Net Income": -14
    },
    "2019-06-30": {
        "Diluted EPS": -0.8,
        "Total Revenue": 12,
        "Gross Profit": 8,
        "Operating Income": -17,
        "EBIT": -15,
        "Net Income": -17
    },
    "2019-03-31": {
        "Diluted EPS": -0.84,
        "Total Revenue": 12,
        "Gross Profit": 8,
        "Operating Income": -17,
        "EBIT": -15,
        "Net Income": -16
    },
    "2018-12-31": {
        "Diluted EPS": -0.93,
        "Total Revenue": 11,
        "Gross Profit": 7,
        "Operating Income": -18,
        "EBIT": -16,
        "Net Income": -18
    },
    "2018-09-30": {
        "Diluted EPS": -0.86,
        "Total Revenue": 8,
        "Gross Profit": 6,
        "Operating Income": -16,
        "EBIT": -16,
        "Net Income": -16
    },
    "2018-06-30": {
        "Diluted EPS": -0.88,
        "Total Revenue": 4,
        "Gross Profit": 3,
        "Operating Income": -14,
        "EBIT": -14,
        "Net Income": -14
    },
    "2018-03-31": {
        "Diluted EPS": -0.81,
        "Total Revenue": 4,
        "Gross Profit": 4,
        "Operating Income": -13,
        "EBIT": -13,
        "Net Income": -13
    },
    "2017-12-31": {
        "Diluted EPS": 1.14,
        "Total Revenue": 3,
        "Gross Profit": 3,
        "Operating Income": -13,
        "EBIT": -13,
        "Net Income": -13
    },
    "2017-09-30": {
        "Diluted EPS": -1.31,
        "Total Revenue": 4,
        "Gross Profit": 3,
        "Operating Income": -19,
        "EBIT": -19,
        "Net Income": -19
    },
    "2017-06-30": {
        "Diluted EPS": -2.94,
        "Total Revenue": 4,
        "Gross Profit": 4,
        "Operating Income": -8,
        "EBIT": -6,
        "Net Income": -25
    },
    "2017-03-31": {
        "Diluted EPS": -3.09,
        "Total Revenue": 3,
        "Gross Profit": 3,
        "Operating Income": -7,
        "EBIT": -5,
        "Net Income": -7
    },
    "2016-12-31": {
        "Diluted EPS": -4.04,
        "Total Revenue": 3,
        "Gross Profit": 2,
        "Operating Income": -7,
        "EBIT": -5,
        "Net Income": -9
    },
    "2016-09-30": {
        "Diluted EPS": -3.49,
        "Total Revenue": 2,
        "Gross Profit": 2,
        "Operating Income": -6,
        "EBIT": -5,
        "Net Income": -8
    },
    "2016-06-30": {
        "Diluted EPS": -3.2,
        "Total Revenue": 2,
        "Gross Profit": 2,
        "Operating Income": -7,
        "EBIT": -6,
        "Net Income": -7
    },
    "2016-03-31": {
        "Diluted EPS": -3.86,
        "Total Revenue": 2,
        "Gross Profit": 2,
        "Operating Income": -4,
        "EBIT": -4,
        "Net Income": -5
    },
    "2015-12-31": {
        "Diluted EPS": 0.0,
        "Total Revenue": NaN,
        "Gross Profit": NaN,
        "Operating Income": NaN,
        "EBIT": NaN,
        "Net Income": NaN
    },
    "2023-06-30": {
        "Tax Effect Of Unusual Items": 144032.0,
        "Tax Rate For Calcs": 0.056,
        "Normalized EBITDA": -19784000.0,
        "Total Unusual Items": 2572000.0,
        "Total Unusual Items Excluding Goodwill": 2572000.0,
        "Net Income From Continuing Operation Net Minority Interest": -23296000.0,
        "Reconciled Depreciation": 6738000.0,
        "Reconciled Cost Of Revenue": 6741000.0,
        "EBITDA": -17212000.0,
        "EBIT": -23950000.0,
        "Net Interest Income": -720000.0,
        "Interest Expense": 720000.0,
        "Normalized Income": -25723968.0,
        "Net Income From Continuing And Discontinued Operation": -23296000.0,
        "Total Expenses": 56147000.0,
        "Total Operating Income As Reported": -28180000.0,
        "Diluted Average Shares": 36848602.0,
        "Basic Average Shares": 36848602.0,
        "Diluted EPS": -0.63,
        "Basic EPS": -0.63,
        "Diluted NI Availto Com Stockholders": -23296000.0,
        "Net Income Common Stockholders": -23296000.0,
        "Net Income": -23296000.0,
        "Net Income Including Noncontrolling Interests": -23296000.0,
        "Net Income Continuous Operations": -23296000.0,
        "Tax Provision": -1374000.0,
        "Pretax Income": -24670000.0,
        "Other Income Expense": 4230000.0,
        "Other Non Operating Income Expenses": 1658000.0,
        "Special Income Charges": 2572000.0,
        "Gain On Sale Of Business": NaN,
        "Other Special Charges": -2572000.0,
        "Net Non Operating Interest Income Expense": -720000.0,
        "Total Other Finance Cost": NaN,
        "Interest Expense Non Operating": 720000.0,
        "Operating Income": -28180000.0,
        "Operating Expense": 48382000.0,
        "Depreciation Amortization Depletion Income Statement": 5714000.0,
        "Depreciation And Amortization In Income Statement": 5714000.0,
        "Amortization": 5714000.0,
        "Amortization Of Intangibles Income Statement": 5714000.0,
        "Research And Development": 10519000.0,
        "Selling General And Administration": 32149000.0,
        "Selling And Marketing Expense": 13124000.0,
        "General And Administrative Expense": 19025000.0,
        "Other Gand A": 19025000.0,
        "Gross Profit": 20202000.0,
        "Cost Of Revenue": 7765000.0,
        "Total Revenue": 27967000.0,
        "Operating Revenue": 27967000.0
    },
    "2023-09-30": {
        "Tax Effect Of Unusual Items": 0.0,
        "Tax Rate For Calcs": 0.038,
        "Normalized EBITDA": -14726000.0,
        "Total Unusual Items": 0.0,
        "Total Unusual Items Excluding Goodwill": 0.0,
        "Net Income From Continuing Operation Net Minority Interest": -24541000.0,
        "Reconciled Depreciation": 8336000.0,
        "Reconciled Cost Of Revenue": 5475000.0,
        "EBITDA": -14726000.0,
        "EBIT": -23062000.0,
        "Net Interest Income": -218000.0,
        "Interest Expense": NaN,
        "Normalized Income": -24541000.0,
        "Net Income From Continuing And Discontinued Operation": -24541000.0,
        "Total Expenses": 58195000.0,
        "Total Operating Income As Reported": -23062000.0,
        "Diluted Average Shares": 36991650.0,
        "Basic Average Shares": 36991650.0,
        "Diluted EPS": -0.66,
        "Basic EPS": -0.66,
        "Diluted NI Availto Com Stockholders": -24541000.0,
        "Net Income Common Stockholders": -24541000.0,
        "Net Income": -24541000.0,
        "Net Income Including Noncontrolling Interests": -24541000.0,
        "Net Income Continuous Operations": -24541000.0,
        "Tax Provision": -977000.0,
        "Pretax Income": -25518000.0,
        "Other Income Expense": -2238000.0,
        "Other Non Operating Income Expenses": -2238000.0,
        "Special Income Charges": 0.0,
        "Gain On Sale Of Business": 0.0,
        "Other Special Charges": NaN,
        "Net Non Operating Interest Income Expense": -218000.0,
        "Total Other Finance Cost": 218000.0,
        "Interest Expense Non Operating": NaN,
        "Operating Income": -23062000.0,
        "Operating Expense": 51008000.0,
        "Depreciation Amortization Depletion Income Statement": 6624000.0,
        "Depreciation And Amortization In Income Statement": 6624000.0,
        "Amortization": 6624000.0,
        "Amortization Of Intangibles Income Statement": 6624000.0,
        "Research And Development": 10410000.0,
        "Selling General And Administration": 33974000.0,
        "Selling And Marketing Expense": 12892000.0,
        "General And Administrative Expense": 21082000.0,
        "Other Gand A": 21082000.0,
        "Gross Profit": 27946000.0,
        "Cost Of Revenue": 7187000.0,
        "Total Revenue": 35133000.0,
        "Operating Revenue": 35133000.0
    }
}