{
    "2023-03-31": {
        "Tax Effect Of Unusual Items": NaN,
        "Tax Rate For Calcs": NaN,
        "Normalized EBITDA": NaN,
        "Net Income From Continuing Operation Net Minority Interest": NaN,
        "Reconciled Depreciation": NaN,
        "Reconciled Cost Of Revenue": NaN,
        "EBITDA": NaN,
        "EBIT": NaN,
        "Net Interest Income": NaN,
        "Interest Expense": NaN,
        "Interest Income": 350000.0,
        "Normalized Income": NaN,
        "Net Income From Continuing And Discontinued Operation": NaN,
        "Total Expenses": NaN,
        "Total Operating Income As Reported": NaN,
        "Diluted Average Shares": NaN,
        "Basic Average Shares": NaN,
        "Diluted EPS": NaN,
        "Basic EPS": NaN,
        "Diluted NI Availto Com Stockholders": NaN,
        "Net Income Common Stockholders": NaN,
        "Net Income": NaN,
        "Net Income Including Noncontrolling Interests": NaN,
        "Net Income Continuous Operations": NaN,
        "Tax Provision": NaN,
        "Pretax Income": NaN,
        "Net Non Operating Interest Income Expense": NaN,
        "Total Other Finance Cost": NaN,
        "Interest Expense Non Operating": NaN,
        "Interest Income Non Operating": 350000.0,
        "Operating Income": NaN,
        "Operating Expense": NaN,
        "Other Operating Expenses": NaN,
        "Depreciation Amortization Depletion Income Statement": NaN,
        "Depreciation And Amortization In Income Statement": NaN,
        "Research And Development": NaN,
        "Selling General And Administration": NaN,
        "Selling And Marketing Expense": NaN,
        "General And Administrative Expense": NaN,
        "Other Gand A": NaN,
        "Gross Profit": NaN,
        "Cost Of Revenue": NaN,
        "Total Revenue": NaN,
        "Operating Revenue": NaN
    },
    "2022-12-31": {
        "Tax Effect Of Unusual Items": NaN,
        "Tax Rate For Calcs": NaN,
        "Normalized EBITDA": NaN,
        "Net Income From Continuing Operation Net Minority Interest": NaN,
        "Reconciled Depreciation": NaN,
        "Reconciled Cost Of Revenue": NaN,
        "EBITDA": NaN,
        "EBIT": NaN,
        "Net Interest Income": NaN,
        "Interest Expense": 969000.0,
        "Interest Income": NaN,
        "Normalized Income": NaN,
        "Net Income From Continuing And Discontinued Operation": NaN,
        "Total Expenses": NaN,
        "Total Operating Income As Reported": NaN,
        "Diluted Average Shares": NaN,
        "Basic Average Shares": NaN,
        "Diluted EPS": NaN,
        "Basic EPS": NaN,
        "Diluted NI Availto Com Stockholders": NaN,
        "Net Income Common Stockholders": NaN,
        "Net Income": NaN,
        "Net Income Including Noncontrolling Interests": NaN,
        "Net Income Continuous Operations": NaN,
        "Tax Provision": NaN,
        "Pretax Income": NaN,
        "Net Non Operating Interest Income Expense": NaN,
        "Total Other Finance Cost": NaN,
        "Interest Expense Non Operating": 969000.0,
        "Interest Income Non Operating": NaN,
        "Operating Income": NaN,
        "Operating Expense": NaN,
        "Other Operating Expenses": NaN,
        "Depreciation Amortization Depletion Income Statement": NaN,
        "Depreciation And Amortization In Income Statement": NaN,
        "Research And Development": NaN,
        "Selling General And Administration": NaN,
        "Selling And Marketing Expense": NaN,
        "General And Administrative Expense": NaN,
        "Other Gand A": NaN,
        "Gross Profit": NaN,
        "Cost Of Revenue": NaN,
        "Total Revenue": NaN,
        "Operating Revenue": NaN
    },
    "2022-09-30": {
        "Tax Effect Of Unusual Items": NaN,
        "Tax Rate For Calcs": NaN,
        "Normalized EBITDA": NaN,
        "Net Income From Continuing Operation Net Minority Interest": NaN,
        "Reconciled Depreciation": NaN,
        "Reconciled Cost Of Revenue": NaN,
        "EBITDA": NaN,
        "EBIT": NaN,
        "Net Interest Income": NaN,
        "Interest Expense": 361000.0,
        "Interest Income": NaN,
        "Normalized Income": NaN,
        "Net Income From Continuing And Discontinued Operation": NaN,
        "Total Expenses": NaN,
        "Total Operating Income As Reported": NaN,
        "Diluted Average Shares": NaN,
        "Basic Average Shares": NaN,
        "Diluted EPS": NaN,
        "Basic EPS": NaN,
        "Diluted NI Availto Com Stockholders": NaN,
        "Net Income Common Stockholders": NaN,
        "Net Income": NaN,
        "Net Income Including Noncontrolling Interests": NaN,
        "Net Income Continuous Operations": NaN,
        "Tax Provision": NaN,
        "Pretax Income": NaN,
        "Net Non Operating Interest Income Expense": NaN,
        "Total Other Finance Cost": NaN,
        "Interest Expense Non Operating": 361000.0,
        "Interest Income Non Operating": NaN,
        "Operating Income": NaN,
        "Operating Expense": NaN,
        "Other Operating Expenses": NaN,
        "Depreciation Amortization Depletion Income Statement": NaN,
        "Depreciation And Amortization In Income Statement": NaN,
        "Research And Development": NaN,
        "Selling General And Administration": NaN,
        "Selling And Marketing Expense": NaN,
        "General And Administrative Expense": NaN,
        "Other Gand A": NaN,
        "Gross Profit": NaN,
        "Cost Of Revenue": NaN,
        "Total Revenue": NaN,
        "Operating Revenue": NaN
    },
    "2022-06-30": {
        "Tax Effect Of Unusual Items": 0.0,
        "Tax Rate For Calcs": 0.4,
        "Normalized EBITDA": 13333000.0,
        "Net Income From Continuing Operation Net Minority Interest": -5520000.0,
        "Reconciled Depreciation": 17629000.0,
        "Reconciled Cost Of Revenue": 33724000.0,
        "EBITDA": 13333000.0,
        "EBIT": -4296000.0,
        "Net Interest Income": -724000.0,
        "Interest Expense": NaN,
        "Interest Income": NaN,
        "Normalized Income": -5520000.0,
        "Net Income From Continuing And Discontinued Operation": -5520000.0,
        "Total Expenses": 123572000.0,
        "Total Operating Income As Reported": -4296000.0,
        "Diluted Average Shares": 149489000.0,
        "Basic Average Shares": 149489000.0,
        "Diluted EPS": -0.04,
        "Basic EPS": -0.04,
        "Diluted NI Availto Com Stockholders": -5520000.0,
        "Net Income Common Stockholders": -5520000.0,
        "Net Income": -5520000.0,
        "Net Income Including Noncontrolling Interests": -5520000.0,
        "Net Income Continuous Operations": -5520000.0,
        "Tax Provision": 500000.0,
        "Pretax Income": -5020000.0,
        "Net Non Operating Interest Income Expense": -724000.0,
        "Total Other Finance Cost": 724000.0,
        "Interest Expense Non Operating": NaN,
        "Interest Income Non Operating": NaN,
        "Operating Income": -4296000.0,
        "Operating Expense": 75443000.0,
        "Other Operating Expenses": -154000.0,
        "Depreciation Amortization Depletion Income Statement": 3224000.0,
        "Depreciation And Amortization In Income Statement": 3224000.0,
        "Research And Development": 10310000.0,
        "Selling General And Administration": 62063000.0,
        "Selling And Marketing Expense": 31979000.0,
        "General And Administrative Expense": 30084000.0,
        "Other Gand A": 30084000.0,
        "Gross Profit": 71147000.0,
        "Cost Of Revenue": 48129000.0,
        "Total Revenue": 119276000.0,
        "Operating Revenue": 119276000.0
    },
    "2022-03-31": {
        "Diluted EPS": -0.0,
        "Total Revenue": 115,
        "Gross Profit": 70,
        "Operating Income": 0,
        "EBIT": 13,
        "Net Income": 0
    },
    "2021-12-31": {
        "Diluted EPS": -0.01,
        "Total Revenue": 112,
        "Gross Profit": 68,
        "Operating Income": 0,
        "EBIT": 13,
        "Net Income": -1
    },
    "2021-09-30": {
        "Diluted EPS": -0.03,
        "Total Revenue": 111,
        "Gross Profit": 67,
        "Operating Income": -4,
        "EBIT": 11,
        "Net Income": -4
    },
    "2021-06-30": {
        "Diluted EPS": 0.01,
        "Total Revenue": 105,
        "Gross Profit": 68,
        "Operating Income": -1,
        "EBIT": 7,
        "Net Income": 1
    },
    "2021-03-31": {
        "Diluted EPS": 0.01,
        "Total Revenue": 98,
        "Gross Profit": 61,
        "Operating Income": 2,
        "EBIT": 11,
        "Net Income": 2
    },
    "2020-12-31": {
        "Diluted EPS": 0.06,
        "Total Revenue": 100,
        "Gross Profit": 63,
        "Operating Income": 2,
        "EBIT": 11,
        "Net Income": 4
    },
    "2020-09-30": {
        "Diluted EPS": -0.15,
        "Total Revenue": 95,
        "Gross Profit": 47,
        "Operating Income": -50,
        "EBIT": -42,
        "Net Income": -21
    },
    "2020-06-30": {
        "Diluted EPS": -0.24,
        "Total Revenue": 91,
        "Gross Profit": 50,
        "Operating Income": -29,
        "EBIT": -21,
        "Net Income": -29
    },
    "2020-03-31": {
        "Diluted EPS": -0.24,
        "Total Revenue": 89,
        "Gross Profit": 50,
        "Operating Income": -28,
        "EBIT": -21,
        "Net Income": -29
    },
    "2019-12-31": {
        "Diluted EPS": 0.0,
        "Total Revenue": NaN,
        "Gross Profit": NaN,
        "Operating Income": NaN,
        "EBIT": NaN,
        "Net Income": NaN
    },
    "2019-09-30": {
        "Diluted EPS": 0.1,
        "Total Revenue": 82,
        "Gross Profit": 55,
        "Operating Income": 12,
        "EBIT": 18,
        "Net Income": 12
    },
    "2019-06-30": {
        "Diluted EPS": 0.06,
        "Total Revenue": 78,
        "Gross Profit": 51,
        "Operating Income": 8,
        "EBIT": 8,
        "Net Income": 7
    },
    "2018-12-31": {
        "Diluted EPS": 0.0,
        "Total Revenue": NaN,
        "Gross Profit": NaN,
        "Operating Income": NaN,
        "EBIT": NaN,
        "Net Income": NaN
    },
    "2023-06-30": {
        "Tax Effect Of Unusual Items": NaN,
        "Tax Rate For Calcs": NaN,
        "Normalized EBITDA": NaN,
        "Net Income From Continuing Operation Net Minority Interest": NaN,
        "Reconciled Depreciation": NaN,
        "Reconciled Cost Of Revenue": NaN,
        "EBITDA": NaN,
        "EBIT": NaN,
        "Net Interest Income": NaN,
        "Interest Expense": NaN,
        "Interest Income": NaN,
        "Normalized Income": NaN,
        "Net Income From Continuing And Discontinued Operation": NaN,
        "Total Expenses": NaN,
        "Total Operating Income As Reported": NaN,
        "Diluted Average Shares": 151480000.0,
        "Basic Average Shares": 151480000.0,
        "Diluted EPS": -0.05,
        "Basic EPS": -0.05,
        "Diluted NI Availto Com Stockholders": NaN,
        "Net Income Common Stockholders": NaN,
        "Net Income": NaN,
        "Net Income Including Noncontrolling Interests": NaN,
        "Net Income Continuous Operations": NaN,
        "Tax Provision": NaN,
        "Pretax Income": NaN,
        "Net Non Operating Interest Income Expense": NaN,
        "Total Other Finance Cost": -105000.0,
        "Interest Expense Non Operating": NaN,
        "Interest Income Non Operating": NaN,
        "Operating Income": NaN,
        "Operating Expense": NaN,
        "Other Operating Expenses": NaN,
        "Depreciation Amortization Depletion Income Statement": NaN,
        "Depreciation And Amortization In Income Statement": NaN,
        "Research And Development": NaN,
        "Selling General And Administration": NaN,
        "Selling And Marketing Expense": NaN,
        "General And Administrative Expense": NaN,
        "Other Gand A": NaN,
        "Gross Profit": NaN,
        "Cost Of Revenue": NaN,
        "Total Revenue": NaN,
        "Operating Revenue": NaN
    },
    "2023-09-30": {
        "Tax Effect Of Unusual Items": 0.0,
        "Tax Rate For Calcs": 0.3,
        "Normalized EBITDA": 17308000.0,
        "Net Income From Continuing Operation Net Minority Interest": -3399000.0,
        "Reconciled Depreciation": 19326000.0,
        "Reconciled Cost Of Revenue": 41327000.0,
        "EBITDA": 17308000.0,
        "EBIT": -2018000.0,
        "Net Interest Income": -597000.0,
        "Interest Expense": 597000.0,
        "Interest Income": NaN,
        "Normalized Income": -3399000.0,
        "Net Income From Continuing And Discontinued Operation": -3399000.0,
        "Total Expenses": 147045000.0,
        "Total Operating Income As Reported": -2018000.0,
        "Diluted Average Shares": 152076000.0,
        "Basic Average Shares": 152076000.0,
        "Diluted EPS": -0.02,
        "Basic EPS": -0.02,
        "Diluted NI Availto Com Stockholders": -3399000.0,
        "Net Income Common Stockholders": -3399000.0,
        "Net Income": -3399000.0,
        "Net Income Including Noncontrolling Interests": -3399000.0,
        "Net Income Continuous Operations": -3399000.0,
        "Tax Provision": 784000.0,
        "Pretax Income": -2615000.0,
        "Net Non Operating Interest Income Expense": -597000.0,
        "Total Other Finance Cost": 597000.0,
        "Interest Expense Non Operating": 597000.0,
        "Interest Income Non Operating": NaN,
        "Operating Income": -2018000.0,
        "Operating Expense": 90174000.0,
        "Other Operating Expenses": 316000.0,
        "Depreciation Amortization Depletion Income Statement": 3782000.0,
        "Depreciation And Amortization In Income Statement": 3782000.0,
        "Research And Development": 16772000.0,
        "Selling General And Administration": 69304000.0,
        "Selling And Marketing Expense": 33919000.0,
        "General And Administrative Expense": 35385000.0,
        "Other Gand A": 35385000.0,
        "Gross Profit": 88156000.0,
        "Cost Of Revenue": 56871000.0,
        "Total Revenue": 145027000.0,
        "Operating Revenue": 145027000.0
    },
    "2023-12-31": {
        "Tax Effect Of Unusual Items": 0.0,
        "Tax Rate For Calcs": 0.21,
        "Normalized EBITDA": 17823000.0,
        "Net Income From Continuing Operation Net Minority Interest": 15334000.0,
        "Reconciled Depreciation": 20314000.0,
        "Reconciled Cost Of Revenue": 44798000.0,
        "EBITDA": 17823000.0,
        "EBIT": -2491000.0,
        "Net Interest Income": -4022000.0,
        "Interest Expense": 4022000.0,
        "Interest Income": NaN,
        "Normalized Income": 15334000.0,
        "Net Income From Continuing And Discontinued Operation": 15334000.0,
        "Total Expenses": 157405000.0,
        "Total Operating Income As Reported": -2491000.0,
        "Diluted Average Shares": NaN,
        "Basic Average Shares": NaN,
        "Diluted EPS": NaN,
        "Basic EPS": NaN,
        "Diluted NI Availto Com Stockholders": 15334000.0,
        "Net Income Common Stockholders": 15334000.0,
        "Net Income": 15334000.0,
        "Net Income Including Noncontrolling Interests": 15334000.0,
        "Net Income Continuous Operations": 15334000.0,
        "Tax Provision": -21847000.0,
        "Pretax Income": -6513000.0,
        "Net Non Operating Interest Income Expense": -4022000.0,
        "Total Other Finance Cost": NaN,
        "Interest Expense Non Operating": 4022000.0,
        "Interest Income Non Operating": NaN,
        "Operating Income": -2491000.0,
        "Operating Expense": 96094000.0,
        "Other Operating Expenses": 5489000.0,
        "Depreciation Amortization Depletion Income Statement": 3801000.0,
        "Depreciation And Amortization In Income Statement": 3801000.0,
        "Research And Development": 12898000.0,
        "Selling General And Administration": 73906000.0,
        "Selling And Marketing Expense": 37041000.0,
        "General And Administrative Expense": 36865000.0,
        "Other Gand A": 36865000.0,
        "Gross Profit": 93603000.0,
        "Cost Of Revenue": 61311000.0,
        "Total Revenue": 154914000.0,
        "Operating Revenue": 154914000.0
    },
    "2024-03-31": {
        "Tax Effect Of Unusual Items": 0.0,
        "Tax Rate For Calcs": 0.21,
        "Normalized EBITDA": 20377000.0,
        "Net Income From Continuing Operation Net Minority Interest": 2684000.0,
        "Reconciled Depreciation": 21942000.0,
        "Reconciled Cost Of Revenue": 44053000.0,
        "EBITDA": 20377000.0,
        "EBIT": -1565000.0,
        "Net Interest Income": -286000.0,
        "Interest Expense": NaN,
        "Interest Income": NaN,
        "Normalized Income": 2684000.0,
        "Net Income From Continuing And Discontinued Operation": 2684000.0,
        "Total Expenses": 158346000.0,
        "Total Operating Income As Reported": -1565000.0,
        "Diluted Average Shares": 160582000.0,
        "Basic Average Shares": 154221000.0,
        "Diluted EPS": 0.02,
        "Basic EPS": 0.02,
        "Diluted NI Availto Com Stockholders": 2684000.0,
        "Net Income Common Stockholders": 2684000.0,
        "Net Income": 2684000.0,
        "Net Income Including Noncontrolling Interests": 2684000.0,
        "Net Income Continuous Operations": 2684000.0,
        "Tax Provision": -4535000.0,
        "Pretax Income": -1851000.0,
        "Net Non Operating Interest Income Expense": -286000.0,
        "Total Other Finance Cost": 286000.0,
        "Interest Expense Non Operating": NaN,
        "Interest Income Non Operating": NaN,
        "Operating Income": -1565000.0,
        "Operating Expense": 97357000.0,
        "Other Operating Expenses": -527000.0,
        "Depreciation Amortization Depletion Income Statement": 5006000.0,
        "Depreciation And Amortization In Income Statement": 5006000.0,
        "Research And Development": 16845000.0,
        "Selling General And Administration": 76033000.0,
        "Selling And Marketing Expense": 40491000.0,
        "General And Administrative Expense": 35542000.0,
        "Other Gand A": 35542000.0,
        "Gross Profit": 95792000.0,
        "Cost Of Revenue": 60989000.0,
        "Total Revenue": 156781000.0,
        "Operating Revenue": 156781000.0
    },
    "2024-06-30": {
        "Tax Effect Of Unusual Items": 0.0,
        "Tax Rate For Calcs": 0.299,
        "Normalized EBITDA": 28922000.0,
        "Net Income From Continuing Operation Net Minority Interest": 5164000.0,
        "Reconciled Depreciation": 21377000.0,
        "Reconciled Cost Of Revenue": 42251000.0,
        "EBITDA": 28922000.0,
        "EBIT": 7545000.0,
        "Net Interest Income": -181000.0,
        "Interest Expense": NaN,
        "Interest Income": NaN,
        "Normalized Income": 5164000.0,
        "Net Income From Continuing And Discontinued Operation": 5164000.0,
        "Total Expenses": 153559000.0,
        "Total Operating Income As Reported": 7545000.0,
        "Diluted Average Shares": 161439000.0,
        "Basic Average Shares": 155128000.0,
        "Diluted EPS": 0.03,
        "Basic EPS": 0.03,
        "Diluted NI Availto Com Stockholders": 5164000.0,
        "Net Income Common Stockholders": 5164000.0,
        "Net Income": 5164000.0,
        "Net Income Including Noncontrolling Interests": 5164000.0,
        "Net Income Continuous Operations": 5164000.0,
        "Tax Provision": 2200000.0,
        "Pretax Income": 7364000.0,
        "Net Non Operating Interest Income Expense": -181000.0,
        "Total Other Finance Cost": 181000.0,
        "Interest Expense Non Operating": NaN,
        "Interest Income Non Operating": NaN,
        "Operating Income": 7545000.0,
        "Operating Expense": 95143000.0,
        "Other Operating Expenses": -1098000.0,
        "Depreciation Amortization Depletion Income Statement": 5212000.0,
        "Depreciation And Amortization In Income Statement": 5212000.0,
        "Research And Development": 14614000.0,
        "Selling General And Administration": 76415000.0,
        "Selling And Marketing Expense": 40541000.0,
        "General And Administrative Expense": 35874000.0,
        "Other Gand A": 35874000.0,
        "Gross Profit": 102688000.0,
        "Cost Of Revenue": 58416000.0,
        "Total Revenue": 161104000.0,
        "Operating Revenue": 161104000.0
    },
    "2024-09-30": {
        "Tax Effect Of Unusual Items": 0.0,
        "Tax Rate For Calcs": 0.078,
        "Normalized EBITDA": 26019000.0,
        "Net Income From Continuing Operation Net Minority Interest": 7221000.0,
        "Reconciled Depreciation": 21123000.0,
        "Reconciled Cost Of Revenue": 44002000.0,
        "EBITDA": 26019000.0,
        "EBIT": 4896000.0,
        "Net Interest Income": 2938000.0,
        "Interest Expense": NaN,
        "Interest Income": NaN,
        "Normalized Income": 7221000.0,
        "Net Income From Continuing And Discontinued Operation": 7221000.0,
        "Total Expenses": 165539000.0,
        "Total Operating Income As Reported": 4896000.0,
        "Diluted Average Shares": 162138000.0,
        "Basic Average Shares": 155629000.0,
        "Diluted EPS": 0.04,
        "Basic EPS": 0.05,
        "Diluted NI Availto Com Stockholders": 7221000.0,
        "Net Income Common Stockholders": 7221000.0,
        "Net Income": 7221000.0,
        "Net Income Including Noncontrolling Interests": 7221000.0,
        "Net Income Continuous Operations": 7221000.0,
        "Tax Provision": 613000.0,
        "Pretax Income": 7834000.0,
        "Net Non Operating Interest Income Expense": 2938000.0,
        "Total Other Finance Cost": -2938000.0,
        "Interest Expense Non Operating": NaN,
        "Interest Income Non Operating": NaN,
        "Operating Income": 4896000.0,
        "Operating Expense": 105628000.0,
        "Other Operating Expenses": 1183000.0,
        "Depreciation Amortization Depletion Income Statement": 5214000.0,
        "Depreciation And Amortization In Income Statement": 5214000.0,
        "Research And Development": 15621000.0,
        "Selling General And Administration": 83610000.0,
        "Selling And Marketing Expense": 42111000.0,
        "General And Administrative Expense": 41499000.0,
        "Other Gand A": 41499000.0,
        "Gross Profit": 110524000.0,
        "Cost Of Revenue": 59911000.0,
        "Total Revenue": 170435000.0,
        "Operating Revenue": 170435000.0
    }
}