{
    "2023-03-31": {
        "Tax Effect Of Unusual Items": 0.0,
        "Tax Rate For Calcs": 0.21,
        "Net Income From Continuing Operation Net Minority Interest": -1881000.0,
        "Reconciled Depreciation": 1221000.0,
        "Interest Income": NaN,
        "Normalized Income": -1881000.0,
        "Net Income From Continuing And Discontinued Operation": -1881000.0,
        "Total Expenses": 46477000.0,
        "Diluted Average Shares": 14875000.0,
        "Basic Average Shares": 14875000.0,
        "Diluted EPS": -0.13,
        "Basic EPS": -0.13,
        "Diluted NI Availto Com Stockholders": -1881000.0,
        "Net Income Common Stockholders": -1881000.0,
        "Net Income": -1881000.0,
        "Net Income Including Noncontrolling Interests": -1881000.0,
        "Net Income Continuous Operations": -1881000.0,
        "Tax Provision": 26000.0,
        "Pretax Income": -1855000.0,
        "Other Income Expense": 1727000.0,
        "Other Operating Expenses": 25769000.0,
        "Total Revenue": 44622000.0,
        "Operating Revenue": 44622000.0
    },
    "2022-12-31": {
        "Tax Effect Of Unusual Items": NaN,
        "Tax Rate For Calcs": NaN,
        "Net Income From Continuing Operation Net Minority Interest": NaN,
        "Reconciled Depreciation": NaN,
        "Interest Income": 17472000.0,
        "Normalized Income": NaN,
        "Net Income From Continuing And Discontinued Operation": NaN,
        "Total Expenses": NaN,
        "Diluted Average Shares": NaN,
        "Basic Average Shares": NaN,
        "Diluted EPS": NaN,
        "Basic EPS": NaN,
        "Diluted NI Availto Com Stockholders": NaN,
        "Net Income Common Stockholders": NaN,
        "Net Income": NaN,
        "Net Income Including Noncontrolling Interests": NaN,
        "Net Income Continuous Operations": NaN,
        "Tax Provision": NaN,
        "Pretax Income": NaN,
        "Other Income Expense": NaN,
        "Other Operating Expenses": NaN,
        "Total Revenue": NaN,
        "Operating Revenue": NaN
    },
    "2022-09-30": {
        "Tax Effect Of Unusual Items": NaN,
        "Tax Rate For Calcs": NaN,
        "Net Income From Continuing Operation Net Minority Interest": NaN,
        "Reconciled Depreciation": NaN,
        "Interest Income": 0.0,
        "Normalized Income": NaN,
        "Net Income From Continuing And Discontinued Operation": NaN,
        "Total Expenses": NaN,
        "Diluted Average Shares": 14875000.0,
        "Basic Average Shares": 14875000.0,
        "Diluted EPS": -0.34,
        "Basic EPS": -0.34,
        "Diluted NI Availto Com Stockholders": NaN,
        "Net Income Common Stockholders": NaN,
        "Net Income": NaN,
        "Net Income Including Noncontrolling Interests": NaN,
        "Net Income Continuous Operations": NaN,
        "Tax Provision": NaN,
        "Pretax Income": NaN,
        "Other Income Expense": NaN,
        "Other Operating Expenses": NaN,
        "Total Revenue": NaN,
        "Operating Revenue": NaN
    },
    "2022-06-30": {
        "Tax Effect Of Unusual Items": 0.0,
        "Tax Rate For Calcs": 0.4,
        "Net Income From Continuing Operation Net Minority Interest": -2349000.0,
        "Reconciled Depreciation": 1051000.0,
        "Interest Income": NaN,
        "Normalized Income": -2349000.0,
        "Net Income From Continuing And Discontinued Operation": -2349000.0,
        "Total Expenses": 44857000.0,
        "Diluted Average Shares": 14875000.0,
        "Basic Average Shares": 14875000.0,
        "Diluted EPS": -0.16,
        "Basic EPS": -0.16,
        "Diluted NI Availto Com Stockholders": -2349000.0,
        "Net Income Common Stockholders": -2349000.0,
        "Net Income": -2349000.0,
        "Net Income Including Noncontrolling Interests": -2349000.0,
        "Net Income Continuous Operations": -2349000.0,
        "Tax Provision": 223000.0,
        "Pretax Income": -2126000.0,
        "Other Income Expense": 1489000.0,
        "Other Operating Expenses": 24573000.0,
        "Total Revenue": 42731000.0,
        "Operating Revenue": 42731000.0
    },
    "2022-03-31": {
        "Diluted EPS": -0.38,
        "Total Revenue": 40,
        "Gross Profit": 25,
        "Operating Income": -6,
        "EBIT": -4,
        "Net Income": -6
    },
    "2021-12-31": {
        "Diluted EPS": -0.25,
        "Total Revenue": 48,
        "Gross Profit": 29,
        "Operating Income": -3,
        "EBIT": -2,
        "Net Income": -4
    },
    "2021-09-30": {
        "Diluted EPS": -0.38,
        "Total Revenue": 42,
        "Gross Profit": 23,
        "Operating Income": -6,
        "EBIT": -4,
        "Net Income": -6
    },
    "2021-06-30": {
        "Diluted EPS": -0.08,
        "Total Revenue": 44,
        "Gross Profit": 27,
        "Operating Income": -1,
        "EBIT": 1,
        "Net Income": -1
    },
    "2021-03-31": {
        "Diluted EPS": -0.41,
        "Total Revenue": 42,
        "Gross Profit": 20,
        "Operating Income": -7,
        "EBIT": -5,
        "Net Income": -6
    },
    "2020-12-31": {
        "Diluted EPS": -0.42,
        "Total Revenue": 38,
        "Gross Profit": 18,
        "Operating Income": -7,
        "EBIT": -5,
        "Net Income": -6
    },
    "2020-09-30": {
        "Diluted EPS": -0.22,
        "Total Revenue": 37,
        "Gross Profit": 20,
        "Operating Income": -3,
        "EBIT": -2,
        "Net Income": -3
    },
    "2020-06-30": {
        "Diluted EPS": -0.46,
        "Total Revenue": 37,
        "Gross Profit": 16,
        "Operating Income": -7,
        "EBIT": -6,
        "Net Income": -7
    },
    "2020-03-31": {
        "Diluted EPS": -0.58,
        "Total Revenue": 36,
        "Gross Profit": 16,
        "Operating Income": -10,
        "EBIT": -8,
        "Net Income": -9
    },
    "2019-12-31": {
        "Diluted EPS": -0.14,
        "Total Revenue": 31,
        "Gross Profit": 18,
        "Operating Income": -3,
        "EBIT": -2,
        "Net Income": -2
    },
    "2019-09-30": {
        "Diluted EPS": -0.57,
        "Total Revenue": 35,
        "Gross Profit": 18,
        "Operating Income": -9,
        "EBIT": -8,
        "Net Income": -9
    },
    "2019-06-30": {
        "Diluted EPS": -0.17,
        "Total Revenue": 36,
        "Gross Profit": 20,
        "Operating Income": -3,
        "EBIT": -1,
        "Net Income": -3
    },
    "2019-03-31": {
        "Diluted EPS": -0.42,
        "Total Revenue": 33,
        "Gross Profit": 17,
        "Operating Income": -6,
        "EBIT": -5,
        "Net Income": -6
    },
    "2018-12-31": {
        "Diluted EPS": 0.0,
        "Total Revenue": NaN,
        "Gross Profit": NaN,
        "Operating Income": NaN,
        "EBIT": NaN,
        "Net Income": NaN
    },
    "2018-09-30": {
        "Diluted EPS": -0.19,
        "Total Revenue": 31,
        "Gross Profit": 18,
        "Operating Income": -4,
        "EBIT": -2,
        "Net Income": -3
    },
    "2018-06-30": {
        "Diluted EPS": 0.0,
        "Total Revenue": 32,
        "Gross Profit": 18,
        "Operating Income": -3,
        "EBIT": -2,
        "Net Income": -3
    },
    "2023-06-30": {
        "Tax Effect Of Unusual Items": 0.0,
        "Tax Rate For Calcs": 0.278264,
        "Net Income From Continuing Operation Net Minority Interest": 1979000.0,
        "Reconciled Depreciation": 1145000.0,
        "Interest Income": NaN,
        "Normalized Income": 1979000.0,
        "Net Income From Continuing And Discontinued Operation": 1979000.0,
        "Total Expenses": 41995000.0,
        "Diluted Average Shares": 14875000.0,
        "Basic Average Shares": 14875000.0,
        "Diluted EPS": 0.13,
        "Basic EPS": 0.13,
        "Diluted NI Availto Com Stockholders": 1979000.0,
        "Net Income Common Stockholders": 1979000.0,
        "Net Income": 1979000.0,
        "Net Income Including Noncontrolling Interests": 1979000.0,
        "Net Income Continuous Operations": 1979000.0,
        "Tax Provision": 763000.0,
        "Pretax Income": 2742000.0,
        "Other Income Expense": 1410000.0,
        "Other Operating Expenses": 25716000.0,
        "Total Revenue": 44737000.0,
        "Operating Revenue": 44737000.0
    },
    "2023-09-30": {
        "Tax Effect Of Unusual Items": 0.0,
        "Tax Rate For Calcs": 0.168144,
        "Net Income From Continuing Operation Net Minority Interest": -7975000.0,
        "Reconciled Depreciation": 1533000.0,
        "Interest Income": NaN,
        "Normalized Income": -7975000.0,
        "Net Income From Continuing And Discontinued Operation": -7975000.0,
        "Total Expenses": 53248000.0,
        "Diluted Average Shares": 14875000.0,
        "Basic Average Shares": 14875000.0,
        "Diluted EPS": -0.54,
        "Basic EPS": -0.54,
        "Diluted NI Availto Com Stockholders": -7975000.0,
        "Net Income Common Stockholders": -7975000.0,
        "Net Income": -7975000.0,
        "Net Income Including Noncontrolling Interests": -7975000.0,
        "Net Income Continuous Operations": -7975000.0,
        "Tax Provision": -1612000.0,
        "Pretax Income": -9587000.0,
        "Other Income Expense": 1746000.0,
        "Other Operating Expenses": 26755000.0,
        "Total Revenue": 43661000.0,
        "Operating Revenue": 43661000.0
    },
    "2023-12-31": {
        "Tax Effect Of Unusual Items": 0.0,
        "Tax Rate For Calcs": 0.063632,
        "Net Income From Continuing Operation Net Minority Interest": -2016000.0,
        "Reconciled Depreciation": 1514000.0,
        "Interest Income": NaN,
        "Normalized Income": -2016000.0,
        "Net Income From Continuing And Discontinued Operation": -2016000.0,
        "Total Expenses": 46698000.0,
        "Diluted Average Shares": NaN,
        "Basic Average Shares": NaN,
        "Diluted EPS": NaN,
        "Basic EPS": NaN,
        "Diluted NI Availto Com Stockholders": -2016000.0,
        "Net Income Common Stockholders": -2016000.0,
        "Net Income": -2016000.0,
        "Net Income Including Noncontrolling Interests": -2016000.0,
        "Net Income Continuous Operations": -2016000.0,
        "Tax Provision": -137000.0,
        "Pretax Income": -2153000.0,
        "Other Income Expense": 1800000.0,
        "Other Operating Expenses": 25912000.0,
        "Total Revenue": 44545000.0,
        "Operating Revenue": 44545000.0
    },
    "2024-03-31": {
        "Tax Effect Of Unusual Items": 0.0,
        "Tax Rate For Calcs": 0.110431,
        "Net Income From Continuing Operation Net Minority Interest": -5526000.0,
        "Reconciled Depreciation": 1661000.0,
        "Interest Income": NaN,
        "Normalized Income": -5526000.0,
        "Net Income From Continuing And Discontinued Operation": -5526000.0,
        "Total Expenses": 51705000.0,
        "Diluted Average Shares": 14875000.0,
        "Basic Average Shares": 14875000.0,
        "Diluted EPS": -0.37,
        "Basic EPS": -0.37,
        "Diluted NI Availto Com Stockholders": -5526000.0,
        "Net Income Common Stockholders": -5526000.0,
        "Net Income": -5526000.0,
        "Net Income Including Noncontrolling Interests": -5526000.0,
        "Net Income Continuous Operations": -5526000.0,
        "Tax Provision": -686000.0,
        "Pretax Income": -6212000.0,
        "Other Income Expense": 2383000.0,
        "Other Operating Expenses": 29468000.0,
        "Total Revenue": 45493000.0,
        "Operating Revenue": 45493000.0
    }
}