{
    "2023-03-31": {
        "Tax Effect Of Unusual Items": 5461073.246501,
        "Tax Rate For Calcs": 0.01867,
        "Normalized EBITDA": 265073000.0,
        "Total Unusual Items": 292501000.0,
        "Total Unusual Items Excluding Goodwill": 292501000.0,
        "Net Income From Continuing Operation Net Minority Interest": 380332000.0,
        "Reconciled Depreciation": 148131000.0,
        "Reconciled Cost Of Revenue": 264487000.0,
        "EBITDA": 557574000.0,
        "EBIT": 409443000.0,
        "Net Interest Income": -21875000.0,
        "Interest Expense": 21875000.0,
        "Normalized Income": 93292073.246501,
        "Net Income From Continuing And Discontinued Operation": 380332000.0,
        "Total Expenses": 487827000.0,
        "Diluted Average Shares": 167857000.0,
        "Basic Average Shares": 162585000.0,
        "Diluted EPS": 2.27,
        "Basic EPS": 2.34,
        "Diluted NI Availto Com Stockholders": 380332000.0,
        "Net Income Common Stockholders": 380332000.0,
        "Net Income": 380332000.0,
        "Net Income Including Noncontrolling Interests": 380332000.0,
        "Net Income Continuous Operations": 380332000.0,
        "Tax Provision": 7236000.0,
        "Pretax Income": 387568000.0,
        "Other Income Expense": 295560000.0,
        "Other Non Operating Income Expenses": 3059000.0,
        "Special Income Charges": 205722000.0,
        "Gain On Sale Of Ppe": -226828000.0,
        "Write Off": 0.0,
        "Restructuring And Mergern Acquisition": -432550000.0,
        "Gain On Sale Of Security": 86779000.0,
        "Net Non Operating Interest Income Expense": -21875000.0,
        "Interest Expense Non Operating": 21875000.0,
        "Operating Income": 113883000.0,
        "Operating Expense": 223340000.0,
        "Other Operating Expenses": 179926000.0,
        "Selling General And Administration": 43414000.0,
        "General And Administrative Expense": 43414000.0,
        "Other Gand A": 19889000.0,
        "Salaries And Wages": 23525000.0,
        "Gross Profit": 337223000.0,
        "Cost Of Revenue": 264487000.0,
        "Total Revenue": 601710000.0,
        "Operating Revenue": 601710000.0
    },
    "2022-12-31": {
        "Tax Effect Of Unusual Items": 125072285.3,
        "Tax Rate For Calcs": 0.2621,
        "Normalized EBITDA": 579242000.0,
        "Total Unusual Items": 477193000.0,
        "Total Unusual Items Excluding Goodwill": 477193000.0,
        "Net Income From Continuing Operation Net Minority Interest": 395408000.0,
        "Reconciled Depreciation": 171926000.0,
        "Reconciled Cost Of Revenue": 290444000.0,
        "EBITDA": 1056435000.0,
        "EBIT": 884509000.0,
        "Net Interest Income": -22506000.0,
        "Interest Expense": 22506000.0,
        "Normalized Income": 43287285.3,
        "Net Income From Continuing And Discontinued Operation": 395408000.0,
        "Total Expenses": 483889000.0,
        "Diluted Average Shares": NaN,
        "Basic Average Shares": NaN,
        "Diluted EPS": NaN,
        "Basic EPS": NaN,
        "Diluted NI Availto Com Stockholders": 395408000.0,
        "Net Income Common Stockholders": 395408000.0,
        "Net Income": 395408000.0,
        "Net Income Including Noncontrolling Interests": 395408000.0,
        "Net Income Continuous Operations": 395408000.0,
        "Tax Provision": 466595000.0,
        "Pretax Income": 862003000.0,
        "Other Income Expense": 475490000.0,
        "Other Non Operating Income Expenses": -1703000.0,
        "Special Income Charges": 0.0,
        "Gain On Sale Of Ppe": NaN,
        "Write Off": 0.0,
        "Restructuring And Mergern Acquisition": 0.0,
        "Gain On Sale Of Security": 477193000.0,
        "Net Non Operating Interest Income Expense": -22506000.0,
        "Interest Expense Non Operating": 22506000.0,
        "Operating Income": 409019000.0,
        "Operating Expense": 193445000.0,
        "Other Operating Expenses": 152748000.0,
        "Selling General And Administration": 40697000.0,
        "General And Administrative Expense": 40697000.0,
        "Other Gand A": 35320000.0,
        "Salaries And Wages": 5377000.0,
        "Gross Profit": 602464000.0,
        "Cost Of Revenue": 290444000.0,
        "Total Revenue": 892908000.0,
        "Operating Revenue": 892908000.0
    },
    "2022-09-30": {
        "Tax Effect Of Unusual Items": -48098994.973445,
        "Tax Rate For Calcs": 0.340787,
        "Normalized EBITDA": 707017000.0,
        "Total Unusual Items": -141141000.0,
        "Total Unusual Items Excluding Goodwill": -141141000.0,
        "Net Income From Continuing Operation Net Minority Interest": 271079000.0,
        "Reconciled Depreciation": 130205000.0,
        "Reconciled Cost Of Revenue": 296519000.0,
        "EBITDA": 565876000.0,
        "EBIT": 435671000.0,
        "Net Interest Income": -24455000.0,
        "Interest Expense": 24455000.0,
        "Normalized Income": 364121005.026555,
        "Net Income From Continuing And Discontinued Operation": 271079000.0,
        "Total Expenses": 476856000.0,
        "Diluted Average Shares": 168494000.0,
        "Basic Average Shares": 163947000.0,
        "Diluted EPS": 1.61,
        "Basic EPS": 1.65,
        "Diluted NI Availto Com Stockholders": 271079000.0,
        "Net Income Common Stockholders": 271079000.0,
        "Net Income": 271079000.0,
        "Net Income Including Noncontrolling Interests": 271079000.0,
        "Net Income Continuous Operations": 271079000.0,
        "Tax Provision": 140137000.0,
        "Pretax Income": 411216000.0,
        "Other Income Expense": -135611000.0,
        "Other Non Operating Income Expenses": 5530000.0,
        "Special Income Charges": 0.0,
        "Gain On Sale Of Ppe": NaN,
        "Write Off": 0.0,
        "Restructuring And Mergern Acquisition": 0.0,
        "Gain On Sale Of Security": -141141000.0,
        "Net Non Operating Interest Income Expense": -24455000.0,
        "Interest Expense Non Operating": 24455000.0,
        "Operating Income": 571282000.0,
        "Operating Expense": 180337000.0,
        "Other Operating Expenses": 140272000.0,
        "Selling General And Administration": 40065000.0,
        "General And Administrative Expense": 40065000.0,
        "Other Gand A": 33920000.0,
        "Salaries And Wages": 6145000.0,
        "Gross Profit": 751619000.0,
        "Cost Of Revenue": 296519000.0,
        "Total Revenue": 1048138000.0,
        "Operating Revenue": 1048138000.0
    },
    "2022-06-30": {
        "Tax Effect Of Unusual Items": 14573993.891142,
        "Tax Rate For Calcs": 0.271316,
        "Normalized EBITDA": 605759000.0,
        "Total Unusual Items": 53716000.0,
        "Total Unusual Items Excluding Goodwill": 53716000.0,
        "Net Income From Continuing Operation Net Minority Interest": 362621000.0,
        "Reconciled Depreciation": 140763000.0,
        "Reconciled Cost Of Revenue": 287745000.0,
        "EBITDA": 659475000.0,
        "EBIT": 518712000.0,
        "Net Interest Income": -21074000.0,
        "Interest Expense": 21074000.0,
        "Normalized Income": 323478993.891142,
        "Net Income From Continuing And Discontinued Operation": 362621000.0,
        "Total Expenses": 459451000.0,
        "Diluted Average Shares": 169169000.0,
        "Basic Average Shares": 164518000.0,
        "Diluted EPS": 2.14,
        "Basic EPS": 2.2,
        "Diluted NI Availto Com Stockholders": 362621000.0,
        "Net Income Common Stockholders": 362621000.0,
        "Net Income": 362621000.0,
        "Net Income Including Noncontrolling Interests": 362621000.0,
        "Net Income Continuous Operations": 362621000.0,
        "Tax Provision": 135017000.0,
        "Pretax Income": 497638000.0,
        "Other Income Expense": 55890000.0,
        "Other Non Operating Income Expenses": 2174000.0,
        "Special Income Charges": 0.0,
        "Gain On Sale Of Ppe": NaN,
        "Write Off": 0.0,
        "Restructuring And Mergern Acquisition": 0.0,
        "Gain On Sale Of Security": 53716000.0,
        "Net Non Operating Interest Income Expense": -21074000.0,
        "Interest Expense Non Operating": 21074000.0,
        "Operating Income": 462822000.0,
        "Operating Expense": 171706000.0,
        "Other Operating Expenses": 128363000.0,
        "Selling General And Administration": 43343000.0,
        "General And Administrative Expense": 43343000.0,
        "Other Gand A": 35844000.0,
        "Salaries And Wages": 7499000.0,
        "Gross Profit": 634528000.0,
        "Cost Of Revenue": 287745000.0,
        "Total Revenue": 922273000.0,
        "Operating Revenue": 922273000.0
    },
    "2022-03-31": {
        "Diluted EPS": 1.33,
        "Total Revenue": 621,
        "Gross Profit": 481,
        "Operating Income": 344,
        "EBIT": 450,
        "Net Income": 224
    },
    "2021-12-31": {
        "Diluted EPS": 1.61,
        "Total Revenue": 593,
        "Gross Profit": 458,
        "Operating Income": 322,
        "EBIT": 442,
        "Net Income": 271
    },
    "2021-09-30": {
        "Diluted EPS": -0.72,
        "Total Revenue": 417,
        "Gross Profit": 290,
        "Operating Income": 141,
        "EBIT": 269,
        "Net Income": -117
    },
    "2021-06-30": {
        "Diluted EPS": 2.22,
        "Total Revenue": 322,
        "Gross Profit": 199,
        "Operating Income": 59,
        "EBIT": 183,
        "Net Income": 367
    },
    "2021-03-31": {
        "Diluted EPS": 2.45,
        "Total Revenue": 297,
        "Gross Profit": 173,
        "Operating Income": 66,
        "EBIT": 150,
        "Net Income": 395
    },
    "2020-12-31": {
        "Diluted EPS": -0.24,
        "Total Revenue": 243,
        "Gross Profit": 124,
        "Operating Income": -12,
        "EBIT": 97,
        "Net Income": -46
    },
    "2020-09-30": {
        "Diluted EPS": -0.33,
        "Total Revenue": 206,
        "Gross Profit": 108,
        "Operating Income": -34,
        "EBIT": 99,
        "Net Income": -52
    },
    "2020-06-30": {
        "Diluted EPS": -0.33,
        "Total Revenue": 139,
        "Gross Profit": 44,
        "Operating Income": -52,
        "EBIT": 21,
        "Net Income": -51
    },
    "2020-03-31": {
        "Diluted EPS": -6.28,
        "Total Revenue": 263,
        "Gross Profit": 118,
        "Operating Income": -19,
        "EBIT": 99,
        "Net Income": -983
    },
    "2019-12-31": {
        "Diluted EPS": 0.01,
        "Total Revenue": 321,
        "Gross Profit": 168,
        "Operating Income": 41,
        "EBIT": 145,
        "Net Income": 1
    },
    "2019-09-30": {
        "Diluted EPS": -0.05,
        "Total Revenue": 297,
        "Gross Profit": 171,
        "Operating Income": 17,
        "EBIT": 153,
        "Net Income": -8
    },
    "2019-06-30": {
        "Diluted EPS": 0.01,
        "Total Revenue": 348,
        "Gross Profit": 200,
        "Operating Income": 40,
        "EBIT": 176,
        "Net Income": 1
    },
    "2019-03-31": {
        "Diluted EPS": 0.2,
        "Total Revenue": 352,
        "Gross Profit": 225,
        "Operating Income": 64,
        "EBIT": 198,
        "Net Income": 30
    },
    "2018-12-31": {
        "Diluted EPS": 1.74,
        "Total Revenue": 314,
        "Gross Profit": 218,
        "Operating Income": 61,
        "EBIT": 199,
        "Net Income": 248
    },
    "2018-09-30": {
        "Diluted EPS": -0.08,
        "Total Revenue": 348,
        "Gross Profit": 263,
        "Operating Income": 115,
        "EBIT": 245,
        "Net Income": -12
    },
    "2018-06-30": {
        "Diluted EPS": -0.35,
        "Total Revenue": 281,
        "Gross Profit": 211,
        "Operating Income": 81,
        "EBIT": 187,
        "Net Income": -47
    },
    "2018-03-31": {
        "Diluted EPS": 0.16,
        "Total Revenue": 234,
        "Gross Profit": 171,
        "Operating Income": 47,
        "EBIT": 144,
        "Net Income": 20
    },
    "2017-12-31": {
        "Diluted EPS": 0.08,
        "Total Revenue": 231,
        "Gross Profit": 171,
        "Operating Income": 44,
        "EBIT": 134,
        "Net Income": 10
    },
    "2017-09-30": {
        "Diluted EPS": -0.26,
        "Total Revenue": 185,
        "Gross Profit": 127,
        "Operating Income": 10,
        "EBIT": 120,
        "Net Income": -31
    },
    "2017-06-30": {
        "Diluted EPS": 0.29,
        "Total Revenue": 189,
        "Gross Profit": 134,
        "Operating Income": 20,
        "EBIT": 112,
        "Net Income": 36
    },
    "2017-03-31": {
        "Diluted EPS": 0.28,
        "Total Revenue": 185,
        "Gross Profit": 139,
        "Operating Income": 27,
        "EBIT": 115,
        "Net Income": 34
    },
    "2016-12-31": {
        "Diluted EPS": -0.02,
        "Total Revenue": 182,
        "Gross Profit": 131,
        "Operating Income": 13,
        "EBIT": 104,
        "Net Income": -4
    },
    "2016-09-30": {
        "Diluted EPS": -0.09,
        "Total Revenue": 169,
        "Gross Profit": 119,
        "Operating Income": -13,
        "EBIT": 95,
        "Net Income": -11
    },
    "2016-06-30": {
        "Diluted EPS": -0.37,
        "Total Revenue": 156,
        "Gross Profit": 107,
        "Operating Income": -17,
        "EBIT": 91,
        "Net Income": -43
    },
    "2016-03-31": {
        "Diluted EPS": -0.55,
        "Total Revenue": 119,
        "Gross Profit": 71,
        "Operating Income": -46,
        "EBIT": 46,
        "Net Income": -63
    },
    "2015-12-31": {
        "Diluted EPS": -0.95,
        "Total Revenue": 176,
        "Gross Profit": 118,
        "Operating Income": 11,
        "EBIT": 102,
        "Net Income": -106
    },
    "2015-09-30": {
        "Diluted EPS": -0.57,
        "Total Revenue": 186,
        "Gross Profit": 133,
        "Operating Income": -4,
        "EBIT": 91,
        "Net Income": -63
    },
    "2015-06-30": {
        "Diluted EPS": 0.05,
        "Total Revenue": 215,
        "Gross Profit": 158,
        "Operating Income": 42,
        "EBIT": 142,
        "Net Income": 6
    },
    "2015-03-31": {
        "Diluted EPS": 0.01,
        "Total Revenue": 162,
        "Gross Profit": 119,
        "Operating Income": 19,
        "EBIT": 93,
        "Net Income": 1
    },
    "2014-12-31": {
        "Diluted EPS": 0.43,
        "Total Revenue": 246,
        "Gross Profit": 185,
        "Operating Income": 58,
        "EBIT": 160,
        "Net Income": 47
    },
    "2014-09-30": {
        "Diluted EPS": 0.44,
        "Total Revenue": 304,
        "Gross Profit": 242,
        "Operating Income": 113,
        "EBIT": 209,
        "Net Income": 48
    },
    "2014-06-30": {
        "Diluted EPS": 0.46,
        "Total Revenue": 357,
        "Gross Profit": 292,
        "Operating Income": 163,
        "EBIT": 260,
        "Net Income": 50
    },
    "2014-03-31": {
        "Diluted EPS": 0.9,
        "Total Revenue": 347,
        "Gross Profit": 286,
        "Operating Income": 168,
        "EBIT": 258,
        "Net Income": 94
    },
    "2013-12-31": {
        "Diluted EPS": 0.89,
        "Total Revenue": 294,
        "Gross Profit": 239,
        "Operating Income": 115,
        "EBIT": 223,
        "Net Income": 92
    },
    "2013-09-30": {
        "Diluted EPS": 0.64,
        "Total Revenue": 313,
        "Gross Profit": 263,
        "Operating Income": 163,
        "EBIT": 236,
        "Net Income": 65
    },
    "2013-06-30": {
        "Diluted EPS": 1.01,
        "Total Revenue": 303,
        "Gross Profit": 250,
        "Operating Income": 162,
        "EBIT": 237,
        "Net Income": 103
    },
    "2013-03-31": {
        "Diluted EPS": 0.51,
        "Total Revenue": 308,
        "Gross Profit": 249,
        "Operating Income": 139,
        "EBIT": 220,
        "Net Income": 52
    },
    "2012-12-31": {
        "Diluted EPS": 0.55,
        "Total Revenue": 234,
        "Gross Profit": 229,
        "Operating Income": 135,
        "EBIT": 201,
        "Net Income": 55
    },
    "2012-09-30": {
        "Diluted EPS": 0.31,
        "Total Revenue": 285,
        "Gross Profit": 279,
        "Operating Income": 133,
        "EBIT": 213,
        "Net Income": 31
    },
    "2012-06-30": {
        "Diluted EPS": 0.38,
        "Total Revenue": 246,
        "Gross Profit": 240,
        "Operating Income": 103,
        "EBIT": 178,
        "Net Income": 38
    },
    "2012-03-31": {
        "Diluted EPS": 0.67,
        "Total Revenue": 301,
        "Gross Profit": 294,
        "Operating Income": 153,
        "EBIT": 229,
        "Net Income": 66
    },
    "2011-12-31": {
        "Diluted EPS": -0.33,
        "Total Revenue": 279,
        "Gross Profit": 279,
        "Operating Income": 279,
        "EBIT": 343,
        "Net Income": -31
    },
    "2011-09-30": {
        "Diluted EPS": 0.7,
        "Total Revenue": 248,
        "Gross Profit": 242,
        "Operating Income": 102,
        "EBIT": 102,
        "Net Income": 64
    },
    "2023-06-30": {
        "Tax Effect Of Unusual Items": 38261271.414376,
        "Tax Rate For Calcs": 0.293872,
        "Normalized EBITDA": 225542000.0,
        "Total Unusual Items": 130197000.0,
        "Total Unusual Items Excluding Goodwill": 130197000.0,
        "Net Income From Continuing Operation Net Minority Interest": 127908000.0,
        "Reconciled Depreciation": 154389000.0,
        "Reconciled Cost Of Revenue": 239660000.0,
        "EBITDA": 355739000.0,
        "EBIT": 201350000.0,
        "Net Interest Income": -20210000.0,
        "Interest Expense": 20210000.0,
        "Normalized Income": 35972271.414376,
        "Net Income From Continuing And Discontinued Operation": 127908000.0,
        "Total Expenses": 441969000.0,
        "Diluted Average Shares": 167364000.0,
        "Basic Average Shares": 164997000.0,
        "Diluted EPS": 0.76,
        "Basic EPS": 0.78,
        "Diluted NI Availto Com Stockholders": 127908000.0,
        "Net Income Common Stockholders": 127908000.0,
        "Net Income": 127908000.0,
        "Net Income Including Noncontrolling Interests": 127908000.0,
        "Net Income Continuous Operations": 127908000.0,
        "Tax Provision": 53232000.0,
        "Pretax Income": 181140000.0,
        "Other Income Expense": 133685000.0,
        "Other Non Operating Income Expenses": 3488000.0,
        "Special Income Charges": 12544000.0,
        "Gain On Sale Of Ppe": 0.0,
        "Write Off": 0.0,
        "Restructuring And Mergern Acquisition": -12544000.0,
        "Gain On Sale Of Security": 117653000.0,
        "Net Non Operating Interest Income Expense": -20210000.0,
        "Interest Expense Non Operating": 20210000.0,
        "Operating Income": 67665000.0,
        "Operating Expense": 202309000.0,
        "Other Operating Expenses": 177253000.0,
        "Selling General And Administration": 25056000.0,
        "General And Administrative Expense": 25056000.0,
        "Other Gand A": 20058000.0,
        "Salaries And Wages": 4998000.0,
        "Gross Profit": 269974000.0,
        "Cost Of Revenue": 239660000.0,
        "Total Revenue": 509634000.0,
        "Operating Revenue": 509634000.0
    },
    "2023-09-30": {
        "Tax Effect Of Unusual Items": -257840.419131,
        "Tax Rate For Calcs": 0.158965,
        "Normalized EBITDA": 241068000.0,
        "Total Unusual Items": -1622000.0,
        "Total Unusual Items Excluding Goodwill": -1622000.0,
        "Net Income From Continuing Operation Net Minority Interest": 57309000.0,
        "Reconciled Depreciation": 151087000.0,
        "Reconciled Cost Of Revenue": 234548000.0,
        "EBITDA": 239446000.0,
        "EBIT": 88359000.0,
        "Net Interest Income": -20218000.0,
        "Interest Expense": 20218000.0,
        "Normalized Income": 58673159.580869,
        "Net Income From Continuing And Discontinued Operation": 57309000.0,
        "Total Expenses": 426267000.0,
        "Diluted Average Shares": 166392000.0,
        "Basic Average Shares": 163946000.0,
        "Diluted EPS": 0.34,
        "Basic EPS": 0.35,
        "Diluted NI Availto Com Stockholders": 57309000.0,
        "Net Income Common Stockholders": 57309000.0,
        "Net Income": 57309000.0,
        "Net Income Including Noncontrolling Interests": 57309000.0,
        "Net Income Continuous Operations": 57309000.0,
        "Tax Provision": 10832000.0,
        "Pretax Income": 68141000.0,
        "Other Income Expense": -12158000.0,
        "Other Non Operating Income Expenses": -10536000.0,
        "Special Income Charges": 0.0,
        "Gain On Sale Of Ppe": 0.0,
        "Write Off": 0.0,
        "Restructuring And Mergern Acquisition": 0.0,
        "Gain On Sale Of Security": -1622000.0,
        "Net Non Operating Interest Income Expense": -20218000.0,
        "Interest Expense Non Operating": 20218000.0,
        "Operating Income": 100517000.0,
        "Operating Expense": 191719000.0,
        "Other Operating Expenses": 164398000.0,
        "Selling General And Administration": 27321000.0,
        "General And Administrative Expense": 27321000.0,
        "Other Gand A": 20959000.0,
        "Salaries And Wages": 6362000.0,
        "Gross Profit": 292236000.0,
        "Cost Of Revenue": 234548000.0,
        "Total Revenue": 526784000.0,
        "Operating Revenue": 526784000.0
    },
    "2023-12-31": {
        "Tax Effect Of Unusual Items": -113578737.514083,
        "Tax Rate For Calcs": 0.122381,
        "Normalized EBITDA": 294862000.0,
        "Total Unusual Items": -928072000.0,
        "Total Unusual Items Excluding Goodwill": -928072000.0,
        "Net Income From Continuing Operation Net Minority Interest": -803136000.0,
        "Reconciled Depreciation": 259012000.0,
        "Reconciled Cost Of Revenue": 342618000.0,
        "EBITDA": -633210000.0,
        "EBIT": -892222000.0,
        "Net Interest Income": -22909000.0,
        "Interest Expense": 22909000.0,
        "Normalized Income": 11357262.485917,
        "Net Income From Continuing And Discontinued Operation": -803136000.0,
        "Total Expenses": 529146000.0,
        "Diluted Average Shares": NaN,
        "Basic Average Shares": NaN,
        "Diluted EPS": NaN,
        "Basic EPS": NaN,
        "Diluted NI Availto Com Stockholders": -803136000.0,
        "Net Income Common Stockholders": -803136000.0,
        "Net Income": -803136000.0,
        "Net Income Including Noncontrolling Interests": -803136000.0,
        "Net Income Continuous Operations": -803136000.0,
        "Tax Provision": -111995000.0,
        "Pretax Income": -915131000.0,
        "Other Income Expense": -924503000.0,
        "Other Non Operating Income Expenses": 3569000.0,
        "Special Income Charges": -1147240000.0,
        "Gain On Sale Of Ppe": -125539000.0,
        "Write Off": 1016094000.0,
        "Restructuring And Mergern Acquisition": 5607000.0,
        "Gain On Sale Of Security": 219168000.0,
        "Net Non Operating Interest Income Expense": -22909000.0,
        "Interest Expense Non Operating": 22909000.0,
        "Operating Income": 32281000.0,
        "Operating Expense": 186528000.0,
        "Other Operating Expenses": 158847000.0,
        "Selling General And Administration": 27681000.0,
        "General And Administrative Expense": 27681000.0,
        "Other Gand A": 19810000.0,
        "Salaries And Wages": 7871000.0,
        "Gross Profit": 218809000.0,
        "Cost Of Revenue": 342618000.0,
        "Total Revenue": 561427000.0,
        "Operating Revenue": 561427000.0
    },
    "2024-03-31": {
        "Tax Effect Of Unusual Items": 4840400.0,
        "Tax Rate For Calcs": 0.4,
        "Normalized EBITDA": 240100000.0,
        "Total Unusual Items": 12101000.0,
        "Total Unusual Items Excluding Goodwill": 12101000.0,
        "Net Income From Continuing Operation Net Minority Interest": 2305000.0,
        "Reconciled Depreciation": 178434000.0,
        "Reconciled Cost Of Revenue": 265357000.0,
        "EBITDA": 252201000.0,
        "EBIT": 73767000.0,
        "Net Interest Income": -18392000.0,
        "Interest Expense": 18392000.0,
        "Normalized Income": -4955600.0,
        "Net Income From Continuing And Discontinued Operation": 2305000.0,
        "Total Expenses": 484785000.0,
        "Diluted Average Shares": 163648000.0,
        "Basic Average Shares": 161221000.0,
        "Diluted EPS": 0.01,
        "Basic EPS": 0.01,
        "Diluted NI Availto Com Stockholders": 2305000.0,
        "Net Income Common Stockholders": 2305000.0,
        "Net Income": 2305000.0,
        "Net Income Including Noncontrolling Interests": 2305000.0,
        "Net Income Continuous Operations": 2305000.0,
        "Tax Provision": 53070000.0,
        "Pretax Income": 55375000.0,
        "Other Income Expense": 12147000.0,
        "Other Non Operating Income Expenses": 46000.0,
        "Special Income Charges": 0.0,
        "Gain On Sale Of Ppe": 0.0,
        "Write Off": NaN,
        "Restructuring And Mergern Acquisition": 0.0,
        "Gain On Sale Of Security": 12101000.0,
        "Net Non Operating Interest Income Expense": -18392000.0,
        "Interest Expense Non Operating": 18392000.0,
        "Operating Income": 61620000.0,
        "Operating Expense": 219428000.0,
        "Other Operating Expenses": 190207000.0,
        "Selling General And Administration": 29221000.0,
        "General And Administrative Expense": 29221000.0,
        "Other Gand A": 23703000.0,
        "Salaries And Wages": 5518000.0,
        "Gross Profit": 281048000.0,
        "Cost Of Revenue": 265357000.0,
        "Total Revenue": 546405000.0,
        "Operating Revenue": 546405000.0
    }
}