{
    "2023-03-31": {
        "Tax Effect Of Unusual Items": NaN,
        "Tax Rate For Calcs": NaN,
        "Normalized EBITDA": NaN,
        "Total Unusual Items": NaN,
        "Total Unusual Items Excluding Goodwill": NaN,
        "Net Income From Continuing Operation Net Minority Interest": NaN,
        "Reconciled Depreciation": NaN,
        "Reconciled Cost Of Revenue": NaN,
        "EBITDA": NaN,
        "EBIT": NaN,
        "Net Interest Income": NaN,
        "Interest Expense": NaN,
        "Interest Income": NaN,
        "Normalized Income": NaN,
        "Net Income From Continuing And Discontinued Operation": NaN,
        "Total Expenses": NaN,
        "Diluted Average Shares": 104097000.0,
        "Basic Average Shares": 104097000.0,
        "Diluted EPS": -0.06,
        "Basic EPS": -0.06,
        "Diluted NI Availto Com Stockholders": NaN,
        "Net Income Common Stockholders": NaN,
        "Net Income": NaN,
        "Minority Interests": NaN,
        "Net Income Including Noncontrolling Interests": NaN,
        "Net Income Continuous Operations": NaN,
        "Earnings From Equity Interest Net Of Tax": 0.0,
        "Tax Provision": NaN,
        "Pretax Income": NaN,
        "Other Income Expense": NaN,
        "Other Non Operating Income Expenses": NaN,
        "Special Income Charges": NaN,
        "Write Off": NaN,
        "Impairment Of Capital Assets": NaN,
        "Gain On Sale Of Security": NaN,
        "Net Non Operating Interest Income Expense": NaN,
        "Interest Expense Non Operating": NaN,
        "Interest Income Non Operating": NaN,
        "Operating Income": NaN,
        "Operating Expense": NaN,
        "Selling General And Administration": NaN,
        "General And Administrative Expense": 17405000.0,
        "Other Gand A": 15673000.0,
        "Salaries And Wages": 1732000.0,
        "Gross Profit": NaN,
        "Cost Of Revenue": NaN,
        "Total Revenue": NaN,
        "Operating Revenue": NaN
    },
    "2022-12-31": {
        "Tax Effect Of Unusual Items": NaN,
        "Tax Rate For Calcs": NaN,
        "Normalized EBITDA": NaN,
        "Total Unusual Items": NaN,
        "Total Unusual Items Excluding Goodwill": NaN,
        "Net Income From Continuing Operation Net Minority Interest": NaN,
        "Reconciled Depreciation": NaN,
        "Reconciled Cost Of Revenue": NaN,
        "EBITDA": NaN,
        "EBIT": NaN,
        "Net Interest Income": NaN,
        "Interest Expense": NaN,
        "Interest Income": NaN,
        "Normalized Income": NaN,
        "Net Income From Continuing And Discontinued Operation": NaN,
        "Total Expenses": NaN,
        "Diluted Average Shares": NaN,
        "Basic Average Shares": NaN,
        "Diluted EPS": NaN,
        "Basic EPS": NaN,
        "Diluted NI Availto Com Stockholders": NaN,
        "Net Income Common Stockholders": NaN,
        "Net Income": NaN,
        "Minority Interests": NaN,
        "Net Income Including Noncontrolling Interests": NaN,
        "Net Income Continuous Operations": NaN,
        "Earnings From Equity Interest Net Of Tax": -1000.0,
        "Tax Provision": NaN,
        "Pretax Income": NaN,
        "Other Income Expense": NaN,
        "Other Non Operating Income Expenses": NaN,
        "Special Income Charges": -13507000.0,
        "Write Off": 0.0,
        "Impairment Of Capital Assets": 13500000.0,
        "Gain On Sale Of Security": NaN,
        "Net Non Operating Interest Income Expense": NaN,
        "Interest Expense Non Operating": NaN,
        "Interest Income Non Operating": NaN,
        "Operating Income": NaN,
        "Operating Expense": NaN,
        "Selling General And Administration": NaN,
        "General And Administrative Expense": NaN,
        "Other Gand A": NaN,
        "Salaries And Wages": 983000.0,
        "Gross Profit": NaN,
        "Cost Of Revenue": NaN,
        "Total Revenue": NaN,
        "Operating Revenue": NaN
    },
    "2022-09-30": {
        "Tax Effect Of Unusual Items": NaN,
        "Tax Rate For Calcs": NaN,
        "Normalized EBITDA": NaN,
        "Total Unusual Items": NaN,
        "Total Unusual Items Excluding Goodwill": NaN,
        "Net Income From Continuing Operation Net Minority Interest": NaN,
        "Reconciled Depreciation": NaN,
        "Reconciled Cost Of Revenue": NaN,
        "EBITDA": NaN,
        "EBIT": NaN,
        "Net Interest Income": NaN,
        "Interest Expense": NaN,
        "Interest Income": NaN,
        "Normalized Income": NaN,
        "Net Income From Continuing And Discontinued Operation": NaN,
        "Total Expenses": NaN,
        "Diluted Average Shares": 88684000.0,
        "Basic Average Shares": 88684000.0,
        "Diluted EPS": -0.1,
        "Basic EPS": -0.1,
        "Diluted NI Availto Com Stockholders": NaN,
        "Net Income Common Stockholders": NaN,
        "Net Income": NaN,
        "Minority Interests": NaN,
        "Net Income Including Noncontrolling Interests": NaN,
        "Net Income Continuous Operations": NaN,
        "Earnings From Equity Interest Net Of Tax": NaN,
        "Tax Provision": NaN,
        "Pretax Income": NaN,
        "Other Income Expense": NaN,
        "Other Non Operating Income Expenses": NaN,
        "Special Income Charges": 0.0,
        "Gain On Sale Of Ppe": 7000.0,
        "Write Off": 0.0,
        "Impairment Of Capital Assets": 0.0,
        "Gain On Sale Of Security": NaN,
        "Net Non Operating Interest Income Expense": NaN,
        "Interest Expense Non Operating": NaN,
        "Interest Income Non Operating": NaN,
        "Operating Income": NaN,
        "Operating Expense": NaN,
        "Selling General And Administration": NaN,
        "General And Administrative Expense": NaN,
        "Other Gand A": NaN,
        "Salaries And Wages": NaN,
        "Gross Profit": NaN,
        "Cost Of Revenue": NaN,
        "Total Revenue": NaN,
        "Operating Revenue": NaN
    },
    "2022-06-30": {
        "Tax Effect Of Unusual Items": -6856080.262978,
        "Tax Rate For Calcs": 0.22175,
        "Normalized EBITDA": -9019000.0,
        "Total Unusual Items": -30918000.0,
        "Total Unusual Items Excluding Goodwill": -30918000.0,
        "Net Income From Continuing Operation Net Minority Interest": -36555000.0,
        "Reconciled Depreciation": 3204000.0,
        "Reconciled Cost Of Revenue": 76580000.0,
        "EBITDA": -39937000.0,
        "EBIT": -43141000.0,
        "Net Interest Income": -665000.0,
        "Interest Expense": 665000.0,
        "Interest Income": 0.0,
        "Normalized Income": -12493080.262978,
        "Net Income From Continuing And Discontinued Operation": -36555000.0,
        "Total Expenses": 95096000.0,
        "Diluted Average Shares": 88567000.0,
        "Basic Average Shares": 88567000.0,
        "Diluted EPS": -0.41,
        "Basic EPS": -0.41,
        "Diluted NI Availto Com Stockholders": -36555000.0,
        "Net Income Common Stockholders": -36555000.0,
        "Net Income": -36555000.0,
        "Minority Interests": 152000.0,
        "Net Income Including Noncontrolling Interests": -36707000.0,
        "Net Income Continuous Operations": -36707000.0,
        "Earnings From Equity Interest Net Of Tax": -2615000.0,
        "Tax Provision": -9714000.0,
        "Pretax Income": -43806000.0,
        "Other Income Expense": -30948000.0,
        "Other Non Operating Income Expenses": -30000.0,
        "Special Income Charges": -30391000.0,
        "Gain On Sale Of Ppe": 0.0,
        "Write Off": 592000.0,
        "Impairment Of Capital Assets": 29799000.0,
        "Gain On Sale Of Security": -527000.0,
        "Net Non Operating Interest Income Expense": -665000.0,
        "Interest Expense Non Operating": 665000.0,
        "Interest Income Non Operating": 0.0,
        "Operating Income": -12193000.0,
        "Operating Expense": 18516000.0,
        "Selling General And Administration": 18516000.0,
        "General And Administrative Expense": 18516000.0,
        "Other Gand A": 17402000.0,
        "Salaries And Wages": 1114000.0,
        "Gross Profit": 6323000.0,
        "Cost Of Revenue": 76580000.0,
        "Total Revenue": 82903000.0,
        "Operating Revenue": 82903000.0
    },
    "2022-03-31": {
        "Diluted EPS": -0.07,
        "Total Revenue": 70,
        "Gross Profit": 10,
        "Operating Income": -8,
        "EBIT": -5,
        "Net Income": -7
    },
    "2021-12-31": {
        "Diluted EPS": 0.04,
        "Total Revenue": 73,
        "Gross Profit": 20,
        "Operating Income": 2,
        "EBIT": 5,
        "Net Income": 2
    },
    "2021-09-30": {
        "Diluted EPS": 0.01,
        "Total Revenue": 72,
        "Gross Profit": 18,
        "Operating Income": 3,
        "EBIT": 6,
        "Net Income": 1
    },
    "2021-06-30": {
        "Diluted EPS": -0.06,
        "Total Revenue": 70,
        "Gross Profit": 5,
        "Operating Income": -6,
        "EBIT": -2,
        "Net Income": -5
    },
    "2021-03-31": {
        "Diluted EPS": -0.1,
        "Total Revenue": 52,
        "Gross Profit": 2,
        "Operating Income": -8,
        "EBIT": -4,
        "Net Income": -7
    },
    "2020-12-31": {
        "Diluted EPS": 0.1,
        "Total Revenue": 47,
        "Gross Profit": 1,
        "Operating Income": -10,
        "EBIT": -8,
        "Net Income": 7
    },
    "2020-09-30": {
        "Diluted EPS": 0.01,
        "Total Revenue": 43,
        "Gross Profit": 6,
        "Operating Income": 0,
        "EBIT": 2,
        "Net Income": 1
    },
    "2020-06-30": {
        "Diluted EPS": 0.0,
        "Total Revenue": 48,
        "Gross Profit": 4,
        "Operating Income": -1,
        "EBIT": 1,
        "Net Income": 0
    },
    "2020-03-31": {
        "Diluted EPS": 0.08,
        "Total Revenue": 32,
        "Gross Profit": 1,
        "Operating Income": -4,
        "EBIT": -2,
        "Net Income": 4
    },
    "2019-12-31": {
        "Diluted EPS": -0.14,
        "Total Revenue": 33,
        "Gross Profit": -4,
        "Operating Income": -11,
        "EBIT": -10,
        "Net Income": -7
    },
    "2019-09-30": {
        "Diluted EPS": -0.01,
        "Total Revenue": 38,
        "Gross Profit": -1,
        "Operating Income": -5,
        "EBIT": -3,
        "Net Income": -1
    },
    "2019-06-30": {
        "Diluted EPS": 0.07,
        "Total Revenue": 41,
        "Gross Profit": -3,
        "Operating Income": -8,
        "EBIT": -6,
        "Net Income": 4
    },
    "2019-03-31": {
        "Diluted EPS": 0.13,
        "Total Revenue": 32,
        "Gross Profit": 1,
        "Operating Income": -5,
        "EBIT": -3,
        "Net Income": 6
    },
    "2018-12-31": {
        "Diluted EPS": 0.01,
        "Total Revenue": 39,
        "Gross Profit": 3,
        "Operating Income": -2,
        "EBIT": 0,
        "Net Income": 0
    },
    "2018-09-30": {
        "Diluted EPS": -0.04,
        "Total Revenue": 40,
        "Gross Profit": 2,
        "Operating Income": -2,
        "EBIT": 0,
        "Net Income": -2
    },
    "2018-06-30": {
        "Diluted EPS": -0.05,
        "Total Revenue": 42,
        "Gross Profit": 2,
        "Operating Income": -2,
        "EBIT": 0,
        "Net Income": -2
    },
    "2018-03-31": {
        "Diluted EPS": -0.03,
        "Total Revenue": 29,
        "Gross Profit": 3,
        "Operating Income": -1,
        "EBIT": 1,
        "Net Income": -1
    },
    "2017-12-31": {
        "Diluted EPS": 0.0,
        "Total Revenue": NaN,
        "Gross Profit": NaN,
        "Operating Income": NaN,
        "EBIT": NaN,
        "Net Income": NaN
    },
    "2023-06-30": {
        "Tax Effect Of Unusual Items": 295200.0,
        "Tax Rate For Calcs": 0.4,
        "Normalized EBITDA": 4374000.0,
        "Total Unusual Items": 738000.0,
        "Total Unusual Items Excluding Goodwill": 738000.0,
        "Net Income From Continuing Operation Net Minority Interest": -1380000.0,
        "Reconciled Depreciation": 3743000.0,
        "Reconciled Cost Of Revenue": 65713000.0,
        "EBITDA": 5112000.0,
        "EBIT": 1369000.0,
        "Net Interest Income": -1128000.0,
        "Interest Expense": 1411000.0,
        "Interest Income": 283000.0,
        "Normalized Income": -1822800.0,
        "Net Income From Continuing And Discontinued Operation": -1380000.0,
        "Total Expenses": 82466000.0,
        "Diluted Average Shares": 110239000.0,
        "Basic Average Shares": 110239000.0,
        "Diluted EPS": -0.01,
        "Basic EPS": -0.01,
        "Diluted NI Availto Com Stockholders": -1380000.0,
        "Net Income Common Stockholders": -1380000.0,
        "Net Income": -1380000.0,
        "Minority Interests": -39000.0,
        "Net Income Including Noncontrolling Interests": -1341000.0,
        "Net Income Continuous Operations": -1341000.0,
        "Earnings From Equity Interest Net Of Tax": 0.0,
        "Tax Provision": 1299000.0,
        "Pretax Income": -42000.0,
        "Other Income Expense": 6340000.0,
        "Other Non Operating Income Expenses": 5602000.0,
        "Special Income Charges": 0.0,
        "Write Off": 0.0,
        "Impairment Of Capital Assets": 0.0,
        "Gain On Sale Of Security": 738000.0,
        "Net Non Operating Interest Income Expense": -1128000.0,
        "Interest Expense Non Operating": 1411000.0,
        "Interest Income Non Operating": 283000.0,
        "Operating Income": -5254000.0,
        "Operating Expense": 16753000.0,
        "Selling General And Administration": 16753000.0,
        "General And Administrative Expense": 16753000.0,
        "Other Gand A": 16753000.0,
        "Salaries And Wages": NaN,
        "Gross Profit": 11499000.0,
        "Cost Of Revenue": 65713000.0,
        "Total Revenue": 77212000.0,
        "Operating Revenue": 77212000.0
    },
    "2023-09-30": {
        "Tax Effect Of Unusual Items": -388400.0,
        "Tax Rate For Calcs": 0.4,
        "Normalized EBITDA": 3039000.0,
        "Total Unusual Items": -971000.0,
        "Total Unusual Items Excluding Goodwill": -971000.0,
        "Net Income From Continuing Operation Net Minority Interest": -1299000.0,
        "Reconciled Depreciation": 3997000.0,
        "Reconciled Cost Of Revenue": 54889000.0,
        "EBITDA": 2068000.0,
        "EBIT": -1929000.0,
        "Net Interest Income": -726000.0,
        "Interest Expense": 988000.0,
        "Interest Income": 262000.0,
        "Normalized Income": -716400.0,
        "Net Income From Continuing And Discontinued Operation": -1299000.0,
        "Total Expenses": 70711000.0,
        "Diluted Average Shares": 110239000.0,
        "Basic Average Shares": 110239000.0,
        "Diluted EPS": -0.01,
        "Basic EPS": -0.01,
        "Diluted NI Availto Com Stockholders": -1299000.0,
        "Net Income Common Stockholders": -1299000.0,
        "Net Income": -1299000.0,
        "Minority Interests": -46000.0,
        "Net Income Including Noncontrolling Interests": -1253000.0,
        "Net Income Continuous Operations": -1253000.0,
        "Earnings From Equity Interest Net Of Tax": 0.0,
        "Tax Provision": -1664000.0,
        "Pretax Income": -2917000.0,
        "Other Income Expense": -990000.0,
        "Other Non Operating Income Expenses": -19000.0,
        "Special Income Charges": 0.0,
        "Write Off": 0.0,
        "Impairment Of Capital Assets": 0.0,
        "Gain On Sale Of Security": -971000.0,
        "Net Non Operating Interest Income Expense": -726000.0,
        "Interest Expense Non Operating": 988000.0,
        "Interest Income Non Operating": 262000.0,
        "Operating Income": -1201000.0,
        "Operating Expense": 15822000.0,
        "Selling General And Administration": 15822000.0,
        "General And Administrative Expense": 15822000.0,
        "Other Gand A": 15075000.0,
        "Salaries And Wages": 747000.0,
        "Gross Profit": 14621000.0,
        "Cost Of Revenue": 54889000.0,
        "Total Revenue": 69510000.0,
        "Operating Revenue": 69510000.0
    },
    "2023-12-31": {
        "Tax Effect Of Unusual Items": -5246400.0,
        "Tax Rate For Calcs": 0.4,
        "Normalized EBITDA": -35000.0,
        "Total Unusual Items": -13116000.0,
        "Total Unusual Items Excluding Goodwill": -13116000.0,
        "Net Income From Continuing Operation Net Minority Interest": -22483000.0,
        "Reconciled Depreciation": 4200000.0,
        "Reconciled Cost Of Revenue": 63219000.0,
        "EBITDA": -13151000.0,
        "EBIT": -17351000.0,
        "Net Interest Income": -700000.0,
        "Interest Expense": 977000.0,
        "Interest Income": 277000.0,
        "Normalized Income": -14613400.0,
        "Net Income From Continuing And Discontinued Operation": -22483000.0,
        "Total Expenses": 78740000.0,
        "Diluted Average Shares": NaN,
        "Basic Average Shares": NaN,
        "Diluted EPS": NaN,
        "Basic EPS": NaN,
        "Diluted NI Availto Com Stockholders": -22483000.0,
        "Net Income Common Stockholders": -22483000.0,
        "Net Income": -22483000.0,
        "Minority Interests": 27000.0,
        "Net Income Including Noncontrolling Interests": -22510000.0,
        "Net Income Continuous Operations": -22510000.0,
        "Earnings From Equity Interest Net Of Tax": 0.0,
        "Tax Provision": 4182000.0,
        "Pretax Income": -18328000.0,
        "Other Income Expense": -13113000.0,
        "Other Non Operating Income Expenses": 3000.0,
        "Special Income Charges": -14020000.0,
        "Write Off": 0.0,
        "Impairment Of Capital Assets": 14020000.0,
        "Gain On Sale Of Security": 904000.0,
        "Net Non Operating Interest Income Expense": -700000.0,
        "Interest Expense Non Operating": 977000.0,
        "Interest Income Non Operating": 277000.0,
        "Operating Income": -4515000.0,
        "Operating Expense": 15521000.0,
        "Selling General And Administration": 15521000.0,
        "General And Administrative Expense": 15521000.0,
        "Other Gand A": 15545000.0,
        "Salaries And Wages": -24000.0,
        "Gross Profit": 11006000.0,
        "Cost Of Revenue": 63219000.0,
        "Total Revenue": 74225000.0,
        "Operating Revenue": 74225000.0
    },
    "2024-03-31": {
        "Tax Effect Of Unusual Items": -131700.0,
        "Tax Rate For Calcs": 0.15,
        "Normalized EBITDA": 3994000.0,
        "Total Unusual Items": -878000.0,
        "Total Unusual Items Excluding Goodwill": -878000.0,
        "Net Income From Continuing Operation Net Minority Interest": -2852000.0,
        "Reconciled Depreciation": 4558000.0,
        "Reconciled Cost Of Revenue": 62564000.0,
        "EBITDA": 3116000.0,
        "EBIT": -1442000.0,
        "Net Interest Income": -711000.0,
        "Interest Expense": 917000.0,
        "Interest Income": 206000.0,
        "Normalized Income": -2105700.0,
        "Net Income From Continuing And Discontinued Operation": -2852000.0,
        "Total Expenses": 78951000.0,
        "Diluted Average Shares": 110249000.0,
        "Basic Average Shares": 110249000.0,
        "Diluted EPS": -0.03,
        "Basic EPS": -0.03,
        "Diluted NI Availto Com Stockholders": -2852000.0,
        "Net Income Common Stockholders": -2852000.0,
        "Net Income": -2852000.0,
        "Minority Interests": -173000.0,
        "Net Income Including Noncontrolling Interests": -2679000.0,
        "Net Income Continuous Operations": -2679000.0,
        "Earnings From Equity Interest Net Of Tax": NaN,
        "Tax Provision": 320000.0,
        "Pretax Income": -2359000.0,
        "Other Income Expense": -774000.0,
        "Other Non Operating Income Expenses": 104000.0,
        "Special Income Charges": NaN,
        "Write Off": NaN,
        "Impairment Of Capital Assets": NaN,
        "Gain On Sale Of Security": -878000.0,
        "Net Non Operating Interest Income Expense": -711000.0,
        "Interest Expense Non Operating": 917000.0,
        "Interest Income Non Operating": 206000.0,
        "Operating Income": -874000.0,
        "Operating Expense": 16387000.0,
        "Selling General And Administration": 16387000.0,
        "General And Administrative Expense": 16387000.0,
        "Other Gand A": 15982000.0,
        "Salaries And Wages": 405000.0,
        "Gross Profit": 15513000.0,
        "Cost Of Revenue": 62564000.0,
        "Total Revenue": 78077000.0,
        "Operating Revenue": 78077000.0
    },
    "2024-06-30": {
        "Tax Effect Of Unusual Items": -1851300.0,
        "Tax Rate For Calcs": 0.15,
        "Normalized EBITDA": -5211000.0,
        "Total Unusual Items": -12342000.0,
        "Total Unusual Items Excluding Goodwill": -12342000.0,
        "Net Income From Continuing Operation Net Minority Interest": -23549000.0,
        "Reconciled Depreciation": 4840000.0,
        "Reconciled Cost Of Revenue": 82934000.0,
        "EBITDA": -17553000.0,
        "EBIT": -22393000.0,
        "Net Interest Income": -583000.0,
        "Interest Expense": 905000.0,
        "Interest Income": 322000.0,
        "Normalized Income": -13058300.0,
        "Net Income From Continuing And Discontinued Operation": -23549000.0,
        "Total Expenses": 102600000.0,
        "Diluted Average Shares": 110960000.0,
        "Basic Average Shares": 110960000.0,
        "Diluted EPS": -0.21,
        "Basic EPS": -0.21,
        "Diluted NI Availto Com Stockholders": -23549000.0,
        "Net Income Common Stockholders": -23549000.0,
        "Net Income": -23549000.0,
        "Minority Interests": 9000.0,
        "Net Income Including Noncontrolling Interests": -23558000.0,
        "Net Income Continuous Operations": -23558000.0,
        "Earnings From Equity Interest Net Of Tax": NaN,
        "Tax Provision": 260000.0,
        "Pretax Income": -23298000.0,
        "Other Income Expense": -12297000.0,
        "Other Non Operating Income Expenses": 45000.0,
        "Special Income Charges": -11939000.0,
        "Write Off": NaN,
        "Impairment Of Capital Assets": 11939000.0,
        "Gain On Sale Of Security": -403000.0,
        "Net Non Operating Interest Income Expense": -583000.0,
        "Interest Expense Non Operating": 905000.0,
        "Interest Income Non Operating": 322000.0,
        "Operating Income": -10418000.0,
        "Operating Expense": 19666000.0,
        "Selling General And Administration": 19666000.0,
        "General And Administrative Expense": NaN,
        "Other Gand A": NaN,
        "Salaries And Wages": NaN,
        "Gross Profit": 9248000.0,
        "Cost Of Revenue": 82934000.0,
        "Total Revenue": 92182000.0,
        "Operating Revenue": 92182000.0
    }
}