{
    "2023-03-31": {
        "Tax Effect Of Unusual Items": NaN,
        "Tax Rate For Calcs": NaN,
        "Normalized EBITDA": NaN,
        "Total Unusual Items": NaN,
        "Total Unusual Items Excluding Goodwill": NaN,
        "Net Income From Continuing Operation Net Minority Interest": NaN,
        "Reconciled Depreciation": NaN,
        "Reconciled Cost Of Revenue": NaN,
        "EBITDA": NaN,
        "EBIT": NaN,
        "Net Interest Income": NaN,
        "Interest Expense": NaN,
        "Interest Income": 4800000.0,
        "Normalized Income": NaN,
        "Net Income From Continuing And Discontinued Operation": NaN,
        "Total Expenses": NaN,
        "Diluted Average Shares": NaN,
        "Basic Average Shares": NaN,
        "Diluted EPS": NaN,
        "Basic EPS": NaN,
        "Diluted NI Availto Com Stockholders": NaN,
        "Net Income Common Stockholders": NaN,
        "Net Income": NaN,
        "Minority Interests": NaN,
        "Net Income Including Noncontrolling Interests": NaN,
        "Net Income Continuous Operations": NaN,
        "Tax Provision": NaN,
        "Pretax Income": NaN,
        "Other Income Expense": NaN,
        "Other Non Operating Income Expenses": NaN,
        "Special Income Charges": 1700000.0,
        "Gain On Sale Of Ppe": NaN,
        "Gain On Sale Of Business": NaN,
        "Other Special Charges": -1700000.0,
        "Impairment Of Capital Assets": NaN,
        "Gain On Sale Of Security": 5500000.0,
        "Net Non Operating Interest Income Expense": NaN,
        "Interest Expense Non Operating": NaN,
        "Interest Income Non Operating": 4800000.0,
        "Operating Income": NaN,
        "Operating Expense": NaN,
        "Selling General And Administration": NaN,
        "General And Administrative Expense": NaN,
        "Other Gand A": NaN,
        "Salaries And Wages": NaN,
        "Gross Profit": NaN,
        "Cost Of Revenue": NaN,
        "Total Revenue": NaN,
        "Operating Revenue": NaN
    },
    "2022-12-31": {
        "Tax Effect Of Unusual Items": NaN,
        "Tax Rate For Calcs": NaN,
        "Normalized EBITDA": NaN,
        "Total Unusual Items": NaN,
        "Total Unusual Items Excluding Goodwill": NaN,
        "Net Income From Continuing Operation Net Minority Interest": NaN,
        "Reconciled Depreciation": NaN,
        "Reconciled Cost Of Revenue": NaN,
        "EBITDA": NaN,
        "EBIT": NaN,
        "Net Interest Income": NaN,
        "Interest Expense": NaN,
        "Interest Income": 4700000.0,
        "Normalized Income": NaN,
        "Net Income From Continuing And Discontinued Operation": NaN,
        "Total Expenses": NaN,
        "Diluted Average Shares": NaN,
        "Basic Average Shares": NaN,
        "Diluted EPS": NaN,
        "Basic EPS": NaN,
        "Diluted NI Availto Com Stockholders": NaN,
        "Net Income Common Stockholders": NaN,
        "Net Income": NaN,
        "Minority Interests": NaN,
        "Net Income Including Noncontrolling Interests": NaN,
        "Net Income Continuous Operations": NaN,
        "Tax Provision": NaN,
        "Pretax Income": NaN,
        "Other Income Expense": NaN,
        "Other Non Operating Income Expenses": NaN,
        "Special Income Charges": NaN,
        "Gain On Sale Of Ppe": 0.0,
        "Gain On Sale Of Business": 0.0,
        "Other Special Charges": -100000.0,
        "Impairment Of Capital Assets": 0.0,
        "Gain On Sale Of Security": -5500000.0,
        "Net Non Operating Interest Income Expense": NaN,
        "Interest Expense Non Operating": NaN,
        "Interest Income Non Operating": 4700000.0,
        "Operating Income": NaN,
        "Operating Expense": NaN,
        "Selling General And Administration": NaN,
        "General And Administrative Expense": NaN,
        "Other Gand A": NaN,
        "Salaries And Wages": NaN,
        "Gross Profit": NaN,
        "Cost Of Revenue": NaN,
        "Total Revenue": NaN,
        "Operating Revenue": NaN
    },
    "2022-09-30": {
        "Tax Effect Of Unusual Items": NaN,
        "Tax Rate For Calcs": NaN,
        "Normalized EBITDA": NaN,
        "Total Unusual Items": NaN,
        "Total Unusual Items Excluding Goodwill": NaN,
        "Net Income From Continuing Operation Net Minority Interest": NaN,
        "Reconciled Depreciation": NaN,
        "Reconciled Cost Of Revenue": NaN,
        "EBITDA": NaN,
        "EBIT": NaN,
        "Net Interest Income": NaN,
        "Interest Expense": NaN,
        "Interest Income": NaN,
        "Normalized Income": NaN,
        "Net Income From Continuing And Discontinued Operation": NaN,
        "Total Expenses": NaN,
        "Diluted Average Shares": NaN,
        "Basic Average Shares": NaN,
        "Diluted EPS": NaN,
        "Basic EPS": NaN,
        "Diluted NI Availto Com Stockholders": NaN,
        "Net Income Common Stockholders": NaN,
        "Net Income": NaN,
        "Minority Interests": NaN,
        "Net Income Including Noncontrolling Interests": NaN,
        "Net Income Continuous Operations": NaN,
        "Tax Provision": NaN,
        "Pretax Income": NaN,
        "Other Income Expense": NaN,
        "Other Non Operating Income Expenses": NaN,
        "Special Income Charges": NaN,
        "Gain On Sale Of Ppe": NaN,
        "Gain On Sale Of Business": -2000000.0,
        "Other Special Charges": NaN,
        "Impairment Of Capital Assets": 400000.0,
        "Gain On Sale Of Security": NaN,
        "Net Non Operating Interest Income Expense": NaN,
        "Interest Expense Non Operating": NaN,
        "Interest Income Non Operating": NaN,
        "Operating Income": NaN,
        "Operating Expense": NaN,
        "Selling General And Administration": NaN,
        "General And Administrative Expense": NaN,
        "Other Gand A": NaN,
        "Salaries And Wages": NaN,
        "Gross Profit": NaN,
        "Cost Of Revenue": NaN,
        "Total Revenue": NaN,
        "Operating Revenue": NaN
    },
    "2022-06-30": {
        "Tax Effect Of Unusual Items": -3971631.205674,
        "Tax Rate For Calcs": 0.248227,
        "Normalized EBITDA": 94500000.0,
        "Total Unusual Items": -16000000.0,
        "Total Unusual Items Excluding Goodwill": -16000000.0,
        "Net Income From Continuing Operation Net Minority Interest": 28000000.0,
        "Reconciled Depreciation": 15100000.0,
        "Reconciled Cost Of Revenue": 487900000.0,
        "EBITDA": 78500000.0,
        "EBIT": 63400000.0,
        "Net Interest Income": -7000000.0,
        "Interest Expense": 7000000.0,
        "Interest Income": NaN,
        "Normalized Income": 40028368.794326,
        "Net Income From Continuing And Discontinued Operation": 28000000.0,
        "Total Expenses": 570200000.0,
        "Diluted Average Shares": 28500000.0,
        "Basic Average Shares": 28500000.0,
        "Diluted EPS": 0.98,
        "Basic EPS": 0.98,
        "Diluted NI Availto Com Stockholders": 28000000.0,
        "Net Income Common Stockholders": 28000000.0,
        "Net Income": 28000000.0,
        "Minority Interests": -14400000.0,
        "Net Income Including Noncontrolling Interests": 42400000.0,
        "Net Income Continuous Operations": 42400000.0,
        "Tax Provision": 14000000.0,
        "Pretax Income": 56400000.0,
        "Other Income Expense": -1000000.0,
        "Other Non Operating Income Expenses": 15000000.0,
        "Special Income Charges": -16000000.0,
        "Gain On Sale Of Ppe": NaN,
        "Gain On Sale Of Business": NaN,
        "Other Special Charges": NaN,
        "Impairment Of Capital Assets": 16000000.0,
        "Gain On Sale Of Security": NaN,
        "Net Non Operating Interest Income Expense": -7000000.0,
        "Interest Expense Non Operating": 7000000.0,
        "Interest Income Non Operating": NaN,
        "Operating Income": 64400000.0,
        "Operating Expense": 82300000.0,
        "Other Operating Expenses": NaN,
        "Selling General And Administration": 82300000.0,
        "General And Administrative Expense": 82300000.0,
        "Other Gand A": 79000000.0,
        "Salaries And Wages": 3300000.0,
        "Gross Profit": 146700000.0,
        "Cost Of Revenue": 487900000.0,
        "Total Revenue": 634600000.0,
        "Operating Revenue": 634600000.0
    },
    "2022-03-31": {
        "Diluted EPS": 1.59,
        "Total Revenue": 629,
        "Gross Profit": 171,
        "Operating Income": 90,
        "EBIT": 105,
        "Net Income": 45
    },
    "2021-12-31": {
        "Diluted EPS": 1.83,
        "Total Revenue": 694,
        "Gross Profit": 205,
        "Operating Income": 121,
        "EBIT": 136,
        "Net Income": 52
    },
    "2021-09-30": {
        "Diluted EPS": 1.36,
        "Total Revenue": 592,
        "Gross Profit": 166,
        "Operating Income": 79,
        "EBIT": 94,
        "Net Income": 39
    },
    "2021-06-30": {
        "Diluted EPS": 0.75,
        "Total Revenue": 533,
        "Gross Profit": 132,
        "Operating Income": 49,
        "EBIT": 64,
        "Net Income": 21
    },
    "2021-03-31": {
        "Diluted EPS": 0.52,
        "Total Revenue": 516,
        "Gross Profit": 116,
        "Operating Income": 41,
        "EBIT": 56,
        "Net Income": 15
    },
    "2020-12-31": {
        "Diluted EPS": 0.86,
        "Total Revenue": 511,
        "Gross Profit": 113,
        "Operating Income": 35,
        "EBIT": 53,
        "Net Income": 25
    },
    "2020-09-30": {
        "Diluted EPS": 0.54,
        "Total Revenue": 461,
        "Gross Profit": 92,
        "Operating Income": 17,
        "EBIT": 34,
        "Net Income": 15
    },
    "2020-06-30": {
        "Diluted EPS": -0.32,
        "Total Revenue": 411,
        "Gross Profit": 100,
        "Operating Income": 26,
        "EBIT": 43,
        "Net Income": -9
    },
    "2020-03-31": {
        "Diluted EPS": 0.86,
        "Total Revenue": 494,
        "Gross Profit": 135,
        "Operating Income": 59,
        "EBIT": 76,
        "Net Income": 24
    },
    "2019-12-31": {
        "Diluted EPS": 0.42,
        "Total Revenue": 419,
        "Gross Profit": 97,
        "Operating Income": 19,
        "EBIT": 35,
        "Net Income": 11
    },
    "2019-09-30": {
        "Diluted EPS": 0.46,
        "Total Revenue": 489,
        "Gross Profit": 112,
        "Operating Income": 32,
        "EBIT": 46,
        "Net Income": 13
    },
    "2019-06-30": {
        "Diluted EPS": 0.25,
        "Total Revenue": 544,
        "Gross Profit": 139,
        "Operating Income": 41,
        "EBIT": 55,
        "Net Income": 7
    },
    "2019-03-31": {
        "Diluted EPS": 0.6,
        "Total Revenue": 486,
        "Gross Profit": 128,
        "Operating Income": 53,
        "EBIT": 66,
        "Net Income": 18
    },
    "2018-12-31": {
        "Diluted EPS": 0.68,
        "Total Revenue": 398,
        "Gross Profit": 117,
        "Operating Income": 41,
        "EBIT": 56,
        "Net Income": 18
    },
    "2018-09-30": {
        "Diluted EPS": 5.04,
        "Total Revenue": 475,
        "Gross Profit": 153,
        "Operating Income": 71,
        "EBIT": 86,
        "Net Income": 144
    },
    "2018-06-30": {
        "Diluted EPS": 0.36,
        "Total Revenue": 530,
        "Gross Profit": 203,
        "Operating Income": 58,
        "EBIT": 72,
        "Net Income": 12
    },
    "2018-03-31": {
        "Diluted EPS": 3.12,
        "Total Revenue": 486,
        "Gross Profit": 206,
        "Operating Income": 122,
        "EBIT": 136,
        "Net Income": 89
    },
    "2017-12-31": {
        "Diluted EPS": 4.92,
        "Total Revenue": 505,
        "Gross Profit": 198,
        "Operating Income": 125,
        "EBIT": 138,
        "Net Income": 140
    },
    "2017-09-30": {
        "Diluted EPS": 1.56,
        "Total Revenue": 501,
        "Gross Profit": 169,
        "Operating Income": 92,
        "EBIT": 105,
        "Net Income": 46
    },
    "2017-06-30": {
        "Diluted EPS": 0.36,
        "Total Revenue": 486,
        "Gross Profit": 148,
        "Operating Income": 77,
        "EBIT": 94,
        "Net Income": 9
    },
    "2017-03-31": {
        "Diluted EPS": 0.48,
        "Total Revenue": 413,
        "Gross Profit": 124,
        "Operating Income": 57,
        "EBIT": 73,
        "Net Income": 13
    },
    "2016-12-31": {
        "Diluted EPS": 0.24,
        "Total Revenue": 371,
        "Gross Profit": 129,
        "Operating Income": 77,
        "EBIT": 93,
        "Net Income": 9
    },
    "2016-09-30": {
        "Diluted EPS": 0.12,
        "Total Revenue": 413,
        "Gross Profit": 92,
        "Operating Income": 28,
        "EBIT": 44,
        "Net Income": 3
    },
    "2016-06-30": {
        "Diluted EPS": -0.24,
        "Total Revenue": 409,
        "Gross Profit": 73,
        "Operating Income": 8,
        "EBIT": 26,
        "Net Income": -9
    },
    "2016-03-31": {
        "Diluted EPS": -0.72,
        "Total Revenue": 365,
        "Gross Profit": 53,
        "Operating Income": -10,
        "EBIT": 7,
        "Net Income": -20
    },
    "2015-12-31": {
        "Diluted EPS": -1.2,
        "Total Revenue": 306,
        "Gross Profit": 59,
        "Operating Income": 18,
        "EBIT": 34,
        "Net Income": -30
    },
    "2015-09-30": {
        "Diluted EPS": -0.36,
        "Total Revenue": 389,
        "Gross Profit": 56,
        "Operating Income": -8,
        "EBIT": 9,
        "Net Income": -12
    },
    "2015-06-30": {
        "Diluted EPS": -3.6,
        "Total Revenue": 409,
        "Gross Profit": 56,
        "Operating Income": -22,
        "EBIT": -4,
        "Net Income": -104
    },
    "2015-03-31": {
        "Diluted EPS": 0.48,
        "Total Revenue": 416,
        "Gross Profit": 89,
        "Operating Income": 24,
        "EBIT": 42,
        "Net Income": 12
    },
    "2014-12-31": {
        "Diluted EPS": 0.33,
        "Total Revenue": 432,
        "Gross Profit": 97,
        "Operating Income": 32,
        "EBIT": 51,
        "Net Income": 9
    },
    "2014-09-30": {
        "Diluted EPS": 0.96,
        "Total Revenue": 477,
        "Gross Profit": 116,
        "Operating Income": 48,
        "EBIT": 68,
        "Net Income": 29
    },
    "2014-06-30": {
        "Diluted EPS": 0.6,
        "Total Revenue": 492,
        "Gross Profit": 104,
        "Operating Income": 30,
        "EBIT": 49,
        "Net Income": 16
    },
    "2014-03-31": {
        "Diluted EPS": 0.03,
        "Total Revenue": 462,
        "Gross Profit": 86,
        "Operating Income": 17,
        "EBIT": 37,
        "Net Income": 1
    },
    "2013-12-31": {
        "Diluted EPS": 0.6,
        "Total Revenue": 400,
        "Gross Profit": 56,
        "Operating Income": -66,
        "EBIT": -47,
        "Net Income": 16
    },
    "2013-09-30": {
        "Diluted EPS": -1.2,
        "Total Revenue": 448,
        "Gross Profit": 49,
        "Operating Income": -55,
        "EBIT": -36,
        "Net Income": -34
    },
    "2013-06-30": {
        "Diluted EPS": -1.44,
        "Total Revenue": 516,
        "Gross Profit": 17,
        "Operating Income": -66,
        "EBIT": -47,
        "Net Income": -40
    },
    "2013-03-31": {
        "Diluted EPS": -1.44,
        "Total Revenue": 499,
        "Gross Profit": 13,
        "Operating Income": -63,
        "EBIT": -45,
        "Net Income": -40
    },
    "2012-12-31": {
        "Diluted EPS": 0.12,
        "Total Revenue": 427,
        "Gross Profit": 55,
        "Operating Income": -14,
        "EBIT": 11,
        "Net Income": 4
    },
    "2012-09-30": {
        "Diluted EPS": 0.84,
        "Total Revenue": 509,
        "Gross Profit": 98,
        "Operating Income": 34,
        "EBIT": 52,
        "Net Income": 23
    },
    "2012-06-30": {
        "Diluted EPS": 1.56,
        "Total Revenue": 568,
        "Gross Profit": 162,
        "Operating Income": 87,
        "EBIT": 104,
        "Net Income": 44
    },
    "2012-03-31": {
        "Diluted EPS": 3.12,
        "Total Revenue": 583,
        "Gross Profit": 260,
        "Operating Income": 182,
        "EBIT": 197,
        "Net Income": 89
    },
    "2011-12-31": {
        "Diluted EPS": 2.04,
        "Total Revenue": 412,
        "Gross Profit": 184,
        "Operating Income": 125,
        "EBIT": 141,
        "Net Income": 56
    },
    "2011-09-30": {
        "Diluted EPS": 2.52,
        "Total Revenue": 584,
        "Gross Profit": 213,
        "Operating Income": 144,
        "EBIT": 160,
        "Net Income": 72
    },
    "2011-06-30": {
        "Diluted EPS": 1.8,
        "Total Revenue": 573,
        "Gross Profit": 201,
        "Operating Income": 122,
        "EBIT": 138,
        "Net Income": 52
    },
    "2011-03-31": {
        "Diluted EPS": 1.32,
        "Total Revenue": 456,
        "Gross Profit": 149,
        "Operating Income": 84,
        "EBIT": 100,
        "Net Income": 38
    },
    "2010-12-31": {
        "Diluted EPS": 0.6,
        "Total Revenue": 348,
        "Gross Profit": 94,
        "Operating Income": 41,
        "EBIT": 57,
        "Net Income": 18
    },
    "2010-09-30": {
        "Diluted EPS": 0.52,
        "Total Revenue": 413,
        "Gross Profit": 100,
        "Operating Income": 42,
        "EBIT": 57,
        "Net Income": 14
    },
    "2010-06-30": {
        "Diluted EPS": 0.16,
        "Total Revenue": 416,
        "Gross Profit": 89,
        "Operating Income": 31,
        "EBIT": 47,
        "Net Income": 5
    },
    "2010-03-31": {
        "Diluted EPS": 0.4,
        "Total Revenue": 357,
        "Gross Profit": 66,
        "Operating Income": 8,
        "EBIT": 24,
        "Net Income": 14
    },
    "2009-12-31": {
        "Diluted EPS": -0.12,
        "Total Revenue": 341,
        "Gross Profit": 56,
        "Operating Income": -9,
        "EBIT": 13,
        "Net Income": -4
    },
    "2009-09-30": {
        "Diluted EPS": 0.28,
        "Total Revenue": 342,
        "Gross Profit": 60,
        "Operating Income": 2,
        "EBIT": 19,
        "Net Income": 8
    },
    "2009-06-30": {
        "Diluted EPS": -0.64,
        "Total Revenue": 312,
        "Gross Profit": 16,
        "Operating Income": -38,
        "EBIT": -23,
        "Net Income": -19
    },
    "2009-03-31": {
        "Diluted EPS": -0.72,
        "Total Revenue": 277,
        "Gross Profit": 5,
        "Operating Income": -47,
        "EBIT": -32,
        "Net Income": -20
    },
    "2023-06-30": {
        "Tax Effect Of Unusual Items": NaN,
        "Tax Rate For Calcs": NaN,
        "Normalized EBITDA": NaN,
        "Total Unusual Items": 0.0,
        "Total Unusual Items Excluding Goodwill": 0.0,
        "Net Income From Continuing Operation Net Minority Interest": NaN,
        "Reconciled Depreciation": NaN,
        "Reconciled Cost Of Revenue": NaN,
        "EBITDA": NaN,
        "EBIT": NaN,
        "Net Interest Income": NaN,
        "Interest Expense": NaN,
        "Interest Income": NaN,
        "Normalized Income": NaN,
        "Net Income From Continuing And Discontinued Operation": NaN,
        "Total Expenses": NaN,
        "Diluted Average Shares": 28500000.0,
        "Basic Average Shares": 28500000.0,
        "Diluted EPS": -0.11,
        "Basic EPS": -0.11,
        "Diluted NI Availto Com Stockholders": NaN,
        "Net Income Common Stockholders": NaN,
        "Net Income": NaN,
        "Minority Interests": NaN,
        "Net Income Including Noncontrolling Interests": NaN,
        "Net Income Continuous Operations": NaN,
        "Tax Provision": NaN,
        "Pretax Income": NaN,
        "Other Income Expense": NaN,
        "Other Non Operating Income Expenses": NaN,
        "Special Income Charges": 0.0,
        "Gain On Sale Of Ppe": NaN,
        "Gain On Sale Of Business": NaN,
        "Other Special Charges": NaN,
        "Impairment Of Capital Assets": 0.0,
        "Gain On Sale Of Security": NaN,
        "Net Non Operating Interest Income Expense": NaN,
        "Interest Expense Non Operating": NaN,
        "Interest Income Non Operating": NaN,
        "Operating Income": NaN,
        "Operating Expense": NaN,
        "Selling General And Administration": NaN,
        "General And Administrative Expense": NaN,
        "Other Gand A": NaN,
        "Salaries And Wages": NaN,
        "Gross Profit": NaN,
        "Cost Of Revenue": NaN,
        "Total Revenue": NaN,
        "Operating Revenue": NaN
    },
    "2023-09-30": {
        "Tax Effect Of Unusual Items": 0.0,
        "Tax Rate For Calcs": 0.21,
        "Normalized EBITDA": 11100000.0,
        "Total Unusual Items": 0.0,
        "Total Unusual Items Excluding Goodwill": 0.0,
        "Net Income From Continuing Operation Net Minority Interest": -5800000.0,
        "Reconciled Depreciation": 13400000.0,
        "Reconciled Cost Of Revenue": 408300000.0,
        "EBITDA": 11100000.0,
        "EBIT": -2300000.0,
        "Net Interest Income": -7200000.0,
        "Interest Expense": 7200000.0,
        "Interest Income": NaN,
        "Normalized Income": -5800000.0,
        "Net Income From Continuing And Discontinued Operation": -5800000.0,
        "Total Expenses": 478700000.0,
        "Diluted Average Shares": 28500000.0,
        "Basic Average Shares": 28500000.0,
        "Diluted EPS": -0.21,
        "Basic EPS": -0.21,
        "Diluted NI Availto Com Stockholders": -5800000.0,
        "Net Income Common Stockholders": -5800000.0,
        "Net Income": -5800000.0,
        "Minority Interests": -4100000.0,
        "Net Income Including Noncontrolling Interests": -1700000.0,
        "Net Income Continuous Operations": -1700000.0,
        "Tax Provision": -7800000.0,
        "Pretax Income": -9500000.0,
        "Other Income Expense": 7500000.0,
        "Other Non Operating Income Expenses": 7500000.0,
        "Special Income Charges": 0.0,
        "Gain On Sale Of Ppe": NaN,
        "Gain On Sale Of Business": 0.0,
        "Other Special Charges": NaN,
        "Impairment Of Capital Assets": 0.0,
        "Gain On Sale Of Security": NaN,
        "Net Non Operating Interest Income Expense": -7200000.0,
        "Interest Expense Non Operating": 7200000.0,
        "Interest Income Non Operating": NaN,
        "Operating Income": -9800000.0,
        "Operating Expense": 70400000.0,
        "Selling General And Administration": 70400000.0,
        "General And Administrative Expense": 70400000.0,
        "Other Gand A": 69100000.0,
        "Salaries And Wages": 1300000.0,
        "Gross Profit": 60600000.0,
        "Cost Of Revenue": 408300000.0,
        "Total Revenue": 468900000.0,
        "Operating Revenue": 468900000.0
    },
    "2023-12-31": {
        "Tax Effect Of Unusual Items": -1071000.0,
        "Tax Rate For Calcs": 0.21,
        "Normalized EBITDA": 32300000.0,
        "Total Unusual Items": -5100000.0,
        "Total Unusual Items Excluding Goodwill": -5100000.0,
        "Net Income From Continuing Operation Net Minority Interest": 3900000.0,
        "Reconciled Depreciation": 13400000.0,
        "Reconciled Cost Of Revenue": 388000000.0,
        "EBITDA": 27200000.0,
        "EBIT": 13800000.0,
        "Net Interest Income": -300000.0,
        "Interest Expense": 6900000.0,
        "Interest Income": 6600000.0,
        "Normalized Income": 7929000.0,
        "Net Income From Continuing And Discontinued Operation": 3900000.0,
        "Total Expenses": 460900000.0,
        "Diluted Average Shares": NaN,
        "Basic Average Shares": NaN,
        "Diluted EPS": NaN,
        "Basic EPS": NaN,
        "Diluted NI Availto Com Stockholders": 3900000.0,
        "Net Income Common Stockholders": 3900000.0,
        "Net Income": 3900000.0,
        "Minority Interests": -6800000.0,
        "Net Income Including Noncontrolling Interests": 10700000.0,
        "Net Income Continuous Operations": 10700000.0,
        "Tax Provision": -3800000.0,
        "Pretax Income": 6900000.0,
        "Other Income Expense": 15100000.0,
        "Other Non Operating Income Expenses": 20200000.0,
        "Special Income Charges": -2100000.0,
        "Gain On Sale Of Ppe": 0.0,
        "Gain On Sale Of Business": -2600000.0,
        "Other Special Charges": -500000.0,
        "Impairment Of Capital Assets": 0.0,
        "Gain On Sale Of Security": -3000000.0,
        "Net Non Operating Interest Income Expense": -300000.0,
        "Interest Expense Non Operating": 6900000.0,
        "Interest Income Non Operating": 6600000.0,
        "Operating Income": -7900000.0,
        "Operating Expense": 72900000.0,
        "Selling General And Administration": 72900000.0,
        "General And Administrative Expense": 72900000.0,
        "Other Gand A": 71100000.0,
        "Salaries And Wages": 1800000.0,
        "Gross Profit": 65000000.0,
        "Cost Of Revenue": 388000000.0,
        "Total Revenue": 453000000.0,
        "Operating Revenue": 453000000.0
    },
    "2024-03-31": {
        "Tax Effect Of Unusual Items": 1466666.666667,
        "Tax Rate For Calcs": 0.244444,
        "Normalized EBITDA": 35800000.0,
        "Total Unusual Items": 6000000.0,
        "Total Unusual Items Excluding Goodwill": 6000000.0,
        "Net Income From Continuing Operation Net Minority Interest": 7800000.0,
        "Reconciled Depreciation": 12500000.0,
        "Reconciled Cost Of Revenue": 444300000.0,
        "EBITDA": 41800000.0,
        "EBIT": 29300000.0,
        "Net Interest Income": -5800000.0,
        "Interest Expense": 11300000.0,
        "Interest Income": 5500000.0,
        "Normalized Income": 3266666.666667,
        "Net Income From Continuing And Discontinued Operation": 7800000.0,
        "Total Expenses": 513500000.0,
        "Diluted Average Shares": 28500000.0,
        "Basic Average Shares": 28500000.0,
        "Diluted EPS": 0.27,
        "Basic EPS": 0.27,
        "Diluted NI Availto Com Stockholders": 7800000.0,
        "Net Income Common Stockholders": 7800000.0,
        "Net Income": 7800000.0,
        "Minority Interests": -5800000.0,
        "Net Income Including Noncontrolling Interests": 13600000.0,
        "Net Income Continuous Operations": 13600000.0,
        "Tax Provision": 4400000.0,
        "Pretax Income": 18000000.0,
        "Other Income Expense": 6700000.0,
        "Other Non Operating Income Expenses": 700000.0,
        "Special Income Charges": 0.0,
        "Gain On Sale Of Ppe": NaN,
        "Gain On Sale Of Business": NaN,
        "Other Special Charges": NaN,
        "Impairment Of Capital Assets": NaN,
        "Gain On Sale Of Security": 6000000.0,
        "Net Non Operating Interest Income Expense": -5800000.0,
        "Interest Expense Non Operating": 11300000.0,
        "Interest Income Non Operating": 5500000.0,
        "Operating Income": 17100000.0,
        "Operating Expense": 69200000.0,
        "Selling General And Administration": 69200000.0,
        "General And Administrative Expense": 69200000.0,
        "Other Gand A": 68600000.0,
        "Salaries And Wages": 600000.0,
        "Gross Profit": 86300000.0,
        "Cost Of Revenue": 444300000.0,
        "Total Revenue": 530600000.0,
        "Operating Revenue": 530600000.0
    },
    "2024-06-30": {
        "Tax Effect Of Unusual Items": 0.0,
        "Tax Rate For Calcs": 0.210106,
        "Normalized EBITDA": 69400000.0,
        "Total Unusual Items": NaN,
        "Total Unusual Items Excluding Goodwill": NaN,
        "Net Income From Continuing Operation Net Minority Interest": 19900000.0,
        "Reconciled Depreciation": 19900000.0,
        "Reconciled Cost Of Revenue": 438400000.0,
        "EBITDA": 69400000.0,
        "EBIT": 49500000.0,
        "Net Interest Income": -11900000.0,
        "Interest Expense": 11900000.0,
        "Interest Income": NaN,
        "Normalized Income": 19900000.0,
        "Net Income From Continuing And Discontinued Operation": 19900000.0,
        "Total Expenses": 513900000.0,
        "Diluted Average Shares": 28500000.0,
        "Basic Average Shares": 28500000.0,
        "Diluted EPS": 0.7,
        "Basic EPS": 0.7,
        "Diluted NI Availto Com Stockholders": 19900000.0,
        "Net Income Common Stockholders": 19900000.0,
        "Net Income": 19900000.0,
        "Minority Interests": -9800000.0,
        "Net Income Including Noncontrolling Interests": 29700000.0,
        "Net Income Continuous Operations": 29700000.0,
        "Tax Provision": 7900000.0,
        "Pretax Income": 37600000.0,
        "Other Income Expense": 3700000.0,
        "Other Non Operating Income Expenses": 3700000.0,
        "Special Income Charges": NaN,
        "Gain On Sale Of Ppe": NaN,
        "Gain On Sale Of Business": NaN,
        "Other Special Charges": NaN,
        "Impairment Of Capital Assets": NaN,
        "Gain On Sale Of Security": NaN,
        "Net Non Operating Interest Income Expense": -11900000.0,
        "Interest Expense Non Operating": 11900000.0,
        "Interest Income Non Operating": NaN,
        "Operating Income": 45800000.0,
        "Operating Expense": 75500000.0,
        "Selling General And Administration": 75500000.0,
        "General And Administrative Expense": 75500000.0,
        "Other Gand A": 74900000.0,
        "Salaries And Wages": 600000.0,
        "Gross Profit": 121300000.0,
        "Cost Of Revenue": 438400000.0,
        "Total Revenue": 559700000.0,
        "Operating Revenue": 559700000.0
    },
    "2024-09-30": {
        "Tax Effect Of Unusual Items": 18451626.355296,
        "Tax Rate For Calcs": 0.286072,
        "Normalized EBITDA": 87600000.0,
        "Total Unusual Items": 64500000.0,
        "Total Unusual Items Excluding Goodwill": 64500000.0,
        "Net Income From Continuing Operation Net Minority Interest": 57500000.0,
        "Reconciled Depreciation": 18800000.0,
        "Reconciled Cost Of Revenue": 417300000.0,
        "EBITDA": 152100000.0,
        "EBIT": 133300000.0,
        "Net Interest Income": -13400000.0,
        "Interest Expense": 13400000.0,
        "Interest Income": NaN,
        "Normalized Income": 11451626.355296,
        "Net Income From Continuing And Discontinued Operation": 57500000.0,
        "Total Expenses": 492100000.0,
        "Diluted Average Shares": 28500000.0,
        "Basic Average Shares": 28500000.0,
        "Diluted EPS": 2.01,
        "Basic EPS": 2.01,
        "Diluted NI Availto Com Stockholders": 57500000.0,
        "Net Income Common Stockholders": 57500000.0,
        "Net Income": 57500000.0,
        "Minority Interests": -28100000.0,
        "Net Income Including Noncontrolling Interests": 85600000.0,
        "Net Income Continuous Operations": 85600000.0,
        "Tax Provision": 34300000.0,
        "Pretax Income": 119900000.0,
        "Other Income Expense": 91800000.0,
        "Other Non Operating Income Expenses": 27300000.0,
        "Special Income Charges": NaN,
        "Gain On Sale Of Ppe": NaN,
        "Gain On Sale Of Business": NaN,
        "Other Special Charges": NaN,
        "Impairment Of Capital Assets": NaN,
        "Gain On Sale Of Security": 64500000.0,
        "Net Non Operating Interest Income Expense": -13400000.0,
        "Interest Expense Non Operating": 13400000.0,
        "Interest Income Non Operating": NaN,
        "Operating Income": 41500000.0,
        "Operating Expense": 74800000.0,
        "Selling General And Administration": 74800000.0,
        "General And Administrative Expense": 74800000.0,
        "Other Gand A": 74200000.0,
        "Salaries And Wages": 600000.0,
        "Gross Profit": 116300000.0,
        "Cost Of Revenue": 417300000.0,
        "Total Revenue": 533600000.0,
        "Operating Revenue": 533600000.0
    }
}