{
    "2022-12-31": {
        "Tax Effect Of Unusual Items": 0.0,
        "Tax Rate For Calcs": 0.15,
        "Normalized EBITDA": -4400000.0,
        "Net Income From Continuing Operation Net Minority Interest": -6300000.0,
        "EBITDA": -4400000.0,
        "EBIT": -4400000.0,
        "Normalized Income": -6300000.0,
        "Net Income From Continuing And Discontinued Operation": -6300000.0,
        "Total Operating Income As Reported": -4400000.0,
        "Diluted Average Shares": 22653505.0,
        "Basic Average Shares": 22653505.0,
        "Diluted EPS": -0.262,
        "Basic EPS": -0.262,
        "Diluted NI Availto Com Stockholders": -6300000.0,
        "Net Income Common Stockholders": -6300000.0,
        "Net Income": -6300000.0,
        "Net Income Including Noncontrolling Interests": -6300000.0,
        "Net Income Continuous Operations": -6300000.0,
        "Tax Provision": 1600000.0,
        "Pretax Income": -4700000.0,
        "Operating Income": -4400000.0,
        "Gross Profit": 9100000.0,
        "Total Revenue": 54900000.0,
        "Operating Revenue": 54900000.0
    },
    "2022-09-30": {
        "Tax Effect Of Unusual Items": 0.0,
        "Tax Rate For Calcs": 0.25,
        "Normalized EBITDA": 2100000.0,
        "Net Income From Continuing Operation Net Minority Interest": 1200000.0,
        "Reconciled Cost Of Revenue": 57500000.0,
        "EBITDA": 2100000.0,
        "EBIT": 2100000.0,
        "Net Interest Income": -500000.0,
        "Normalized Income": 1200000.0,
        "Net Income From Continuing And Discontinued Operation": 1200000.0,
        "Total Expenses": 60800000.0,
        "Total Operating Income As Reported": 2100000.0,
        "Diluted Average Shares": 22653505.0,
        "Basic Average Shares": 22653505.0,
        "Diluted EPS": 0.054,
        "Basic EPS": 0.054,
        "Diluted NI Availto Com Stockholders": 1200000.0,
        "Net Income Common Stockholders": 1200000.0,
        "Net Income": 1200000.0,
        "Net Income Including Noncontrolling Interests": 1200000.0,
        "Net Income Continuous Operations": 1200000.0,
        "Tax Provision": 400000.0,
        "Pretax Income": 1600000.0,
        "Net Non Operating Interest Income Expense": -500000.0,
        "Total Other Finance Cost": 500000.0,
        "Operating Income": 2100000.0,
        "Operating Expense": 3300000.0,
        "Other Operating Expenses": -4200000.0,
        "Research And Development": 1400000.0,
        "Selling General And Administration": 6100000.0,
        "Selling And Marketing Expense": 1100000.0,
        "General And Administrative Expense": 5000000.0,
        "Other Gand A": 5000000.0,
        "Gross Profit": 5400000.0,
        "Cost Of Revenue": 57500000.0,
        "Total Revenue": 62900000.0,
        "Operating Revenue": 62900000.0
    },
    "2022-06-30": {
        "Tax Effect Of Unusual Items": 0.0,
        "Tax Rate For Calcs": 0.125,
        "Normalized EBITDA": -1200000.0,
        "Net Income From Continuing Operation Net Minority Interest": -1400000.0,
        "Reconciled Cost Of Revenue": 44000000.0,
        "EBITDA": -1200000.0,
        "EBIT": -1200000.0,
        "Net Interest Income": -400000.0,
        "Normalized Income": -1400000.0,
        "Net Income From Continuing And Discontinued Operation": -1400000.0,
        "Total Expenses": 49300000.0,
        "Total Operating Income As Reported": -1200000.0,
        "Diluted Average Shares": 22653505.0,
        "Basic Average Shares": 22653505.0,
        "Diluted EPS": -0.062,
        "Basic EPS": -0.062,
        "Diluted NI Availto Com Stockholders": -1400000.0,
        "Net Income Common Stockholders": -1400000.0,
        "Net Income": -1400000.0,
        "Net Income Including Noncontrolling Interests": -1400000.0,
        "Net Income Continuous Operations": -1400000.0,
        "Tax Provision": -200000.0,
        "Pretax Income": -1600000.0,
        "Net Non Operating Interest Income Expense": -400000.0,
        "Total Other Finance Cost": 400000.0,
        "Operating Income": -1200000.0,
        "Operating Expense": 5300000.0,
        "Other Operating Expenses": -4100000.0,
        "Research And Development": 1700000.0,
        "Selling General And Administration": 7700000.0,
        "Selling And Marketing Expense": 1200000.0,
        "General And Administrative Expense": 6500000.0,
        "Other Gand A": 6500000.0,
        "Gross Profit": 4100000.0,
        "Cost Of Revenue": 44000000.0,
        "Total Revenue": 48100000.0,
        "Operating Revenue": 48100000.0
    },
    "2022-03-31": {
        "Diluted EPS": -0.19,
        "Total Revenue": 59,
        "Gross Profit": 4,
        "Operating Income": -3,
        "EBIT": -3,
        "Net Income": -4
    },
    "2021-12-31": {
        "Diluted EPS": -0.3,
        "Total Revenue": 53,
        "Gross Profit": 3,
        "Operating Income": -7,
        "EBIT": -7,
        "Net Income": -7
    },
    "2021-09-30": {
        "Diluted EPS": -0.05,
        "Total Revenue": 58,
        "Gross Profit": 8,
        "Operating Income": 0,
        "EBIT": 0,
        "Net Income": -1
    },
    "2021-06-30": {
        "Diluted EPS": -0.21,
        "Total Revenue": 53,
        "Gross Profit": 7,
        "Operating Income": -4,
        "EBIT": -4,
        "Net Income": -5
    },
    "2021-03-31": {
        "Diluted EPS": -0.06,
        "Total Revenue": 50,
        "Gross Profit": 6,
        "Operating Income": -1,
        "EBIT": -1,
        "Net Income": -1
    },
    "2020-09-30": {
        "Diluted EPS": 0.11,
        "Total Revenue": 51,
        "Gross Profit": 7,
        "Operating Income": 2,
        "EBIT": 2,
        "Net Income": 2
    },
    "2020-06-30": {
        "Diluted EPS": -0.0,
        "Total Revenue": 43,
        "Gross Profit": 6,
        "Operating Income": 1,
        "EBIT": 1,
        "Net Income": 0
    },
    "2019-12-31": {
        "Diluted EPS": 0.0,
        "Total Revenue": NaN,
        "Gross Profit": NaN,
        "Operating Income": NaN,
        "EBIT": NaN,
        "Net Income": NaN
    }
}