{
    "2022-12-31": {
        "Tax Effect Of Unusual Items": 0.0,
        "Tax Rate For Calcs": 0.4,
        "Normalized EBITDA": -59284000.0,
        "Net Income From Continuing Operation Net Minority Interest": -106346000.0,
        "Reconciled Cost Of Revenue": 700881000.0,
        "EBITDA": -59284000.0,
        "EBIT": -59284000.0,
        "Net Interest Income": 2045000.0,
        "Interest Income": 2045000.0,
        "Normalized Income": -106346000.0,
        "Net Income From Continuing And Discontinued Operation": -106346000.0,
        "Total Expenses": 969833000.0,
        "Total Operating Income As Reported": -59284000.0,
        "Diluted Average Shares": 69278409.0,
        "Basic Average Shares": 69278409.0,
        "Diluted EPS": -1.53,
        "Basic EPS": -1.53,
        "Diluted NI Availto Com Stockholders": -106346000.0,
        "Net Income Common Stockholders": -106346000.0,
        "Net Income": -106346000.0,
        "Minority Interests": 1031000.0,
        "Net Income Including Noncontrolling Interests": -107377000.0,
        "Net Income Continuous Operations": -107377000.0,
        "Tax Provision": 50794000.0,
        "Pretax Income": -56583000.0,
        "Other Income Expense": 656000.0,
        "Other Non Operating Income Expenses": 656000.0,
        "Net Non Operating Interest Income Expense": 2045000.0,
        "Interest Income Non Operating": 2045000.0,
        "Operating Income": -59284000.0,
        "Operating Expense": 268952000.0,
        "Other Operating Expenses": -5713000.0,
        "Research And Development": 74677000.0,
        "Selling General And Administration": 199988000.0,
        "Selling And Marketing Expense": 151064000.0,
        "General And Administrative Expense": 48924000.0,
        "Other Gand A": 48924000.0,
        "Gross Profit": 209668000.0,
        "Cost Of Revenue": 700881000.0,
        "Total Revenue": 910549000.0,
        "Operating Revenue": 910549000.0
    },
    "2022-09-30": {
        "Tax Effect Of Unusual Items": 0.0,
        "Tax Rate For Calcs": 0.149528,
        "Normalized EBITDA": -97158000.0,
        "Net Income From Continuing Operation Net Minority Interest": -79571000.0,
        "Reconciled Cost Of Revenue": 549896000.0,
        "EBITDA": -97158000.0,
        "EBIT": -97158000.0,
        "Net Interest Income": 1086000.0,
        "Interest Income": 1086000.0,
        "Normalized Income": -79571000.0,
        "Net Income From Continuing And Discontinued Operation": -79571000.0,
        "Total Expenses": 782981000.0,
        "Total Operating Income As Reported": -97158000.0,
        "Diluted Average Shares": 69315182.0,
        "Basic Average Shares": 69315182.0,
        "Diluted EPS": -1.14,
        "Basic EPS": -1.14,
        "Diluted NI Availto Com Stockholders": -79571000.0,
        "Net Income Common Stockholders": -79571000.0,
        "Net Income": -79571000.0,
        "Minority Interests": 1598000.0,
        "Net Income Including Noncontrolling Interests": -81169000.0,
        "Net Income Continuous Operations": -81169000.0,
        "Tax Provision": -14271000.0,
        "Pretax Income": -95440000.0,
        "Other Income Expense": 632000.0,
        "Other Non Operating Income Expenses": 632000.0,
        "Net Non Operating Interest Income Expense": 1086000.0,
        "Interest Income Non Operating": 1086000.0,
        "Operating Income": -97158000.0,
        "Operating Expense": 233085000.0,
        "Other Operating Expenses": -9400000.0,
        "Research And Development": 66527000.0,
        "Selling General And Administration": 175958000.0,
        "Selling And Marketing Expense": 143081000.0,
        "General And Administrative Expense": 32877000.0,
        "Other Gand A": 32877000.0,
        "Gross Profit": 135927000.0,
        "Cost Of Revenue": 549896000.0,
        "Total Revenue": 685823000.0,
        "Operating Revenue": 685823000.0
    },
    "2022-06-30": {
        "Tax Effect Of Unusual Items": 0.0,
        "Tax Rate For Calcs": 0.198555,
        "Normalized EBITDA": -55615000.0,
        "Net Income From Continuing Operation Net Minority Interest": -39618000.0,
        "Reconciled Cost Of Revenue": 719732000.0,
        "EBITDA": -55615000.0,
        "EBIT": -55615000.0,
        "Net Interest Income": 761000.0,
        "Interest Income": 761000.0,
        "Normalized Income": -39618000.0,
        "Net Income From Continuing And Discontinued Operation": -39618000.0,
        "Total Expenses": 979838000.0,
        "Total Operating Income As Reported": -55615000.0,
        "Diluted Average Shares": 69617625.0,
        "Basic Average Shares": 69617625.0,
        "Diluted EPS": -0.57,
        "Basic EPS": -0.57,
        "Diluted NI Availto Com Stockholders": -39618000.0,
        "Net Income Common Stockholders": -39618000.0,
        "Net Income": -39618000.0,
        "Minority Interests": 3854000.0,
        "Net Income Including Noncontrolling Interests": -43472000.0,
        "Net Income Continuous Operations": -43472000.0,
        "Tax Provision": -10770000.0,
        "Pretax Income": -54242000.0,
        "Other Income Expense": 612000.0,
        "Other Non Operating Income Expenses": 612000.0,
        "Net Non Operating Interest Income Expense": 761000.0,
        "Interest Income Non Operating": 761000.0,
        "Operating Income": -55615000.0,
        "Operating Expense": 260106000.0,
        "Other Operating Expenses": -4501000.0,
        "Research And Development": 79691000.0,
        "Selling General And Administration": 184916000.0,
        "Selling And Marketing Expense": 161977000.0,
        "General And Administrative Expense": 22939000.0,
        "Other Gand A": 22939000.0,
        "Gross Profit": 204491000.0,
        "Cost Of Revenue": 719732000.0,
        "Total Revenue": 924223000.0,
        "Operating Revenue": 924223000.0
    },
    "2022-03-31": {
        "Diluted EPS": -0.11,
        "Total Revenue": 112,
        "Gross Profit": 29,
        "Operating Income": -10,
        "EBIT": -10,
        "Net Income": -8
    },
    "2021-12-31": {
        "Diluted EPS": 0.04,
        "Total Revenue": 220,
        "Gross Profit": 56,
        "Operating Income": 2,
        "EBIT": 2,
        "Net Income": 4
    },
    "2021-09-30": {
        "Diluted EPS": -0.06,
        "Total Revenue": 164,
        "Gross Profit": 37,
        "Operating Income": -6,
        "EBIT": -6,
        "Net Income": -5
    },
    "2021-06-30": {
        "Diluted EPS": 0.1,
        "Total Revenue": 257,
        "Gross Profit": 54,
        "Operating Income": 7,
        "EBIT": 7,
        "Net Income": 7
    },
    "2021-03-31": {
        "Diluted EPS": 0.1,
        "Total Revenue": 192,
        "Gross Profit": 40,
        "Operating Income": 7,
        "EBIT": 7,
        "Net Income": 7
    },
    "2020-12-31": {
        "Diluted EPS": 0.23,
        "Total Revenue": 327,
        "Gross Profit": 74,
        "Operating Income": 20,
        "EBIT": 20,
        "Net Income": 17
    },
    "2020-09-30": {
        "Diluted EPS": 0.07,
        "Total Revenue": 219,
        "Gross Profit": 37,
        "Operating Income": 5,
        "EBIT": 5,
        "Net Income": 5
    },
    "2020-06-30": {
        "Diluted EPS": 0.02,
        "Total Revenue": 238,
        "Gross Profit": 34,
        "Operating Income": 1,
        "EBIT": 1,
        "Net Income": 1
    },
    "2020-03-31": {
        "Diluted EPS": 0.04,
        "Total Revenue": 108,
        "Gross Profit": 20,
        "Operating Income": 2,
        "EBIT": 2,
        "Net Income": 3
    },
    "2019-12-31": {
        "Diluted EPS": 0.18,
        "Total Revenue": 248,
        "Gross Profit": 49,
        "Operating Income": 13,
        "EBIT": 13,
        "Net Income": 13
    },
    "2019-09-30": {
        "Diluted EPS": 0.14,
        "Total Revenue": 150,
        "Gross Profit": 33,
        "Operating Income": 12,
        "EBIT": 12,
        "Net Income": 10
    },
    "2019-06-30": {
        "Diluted EPS": 0.18,
        "Total Revenue": 169,
        "Gross Profit": 45,
        "Operating Income": 14,
        "EBIT": 14,
        "Net Income": 13
    },
    "2019-03-31": {
        "Diluted EPS": 0.08,
        "Total Revenue": 101,
        "Gross Profit": 28,
        "Operating Income": 6,
        "EBIT": 6,
        "Net Income": 6
    },
    "2018-12-31": {
        "Diluted EPS": 0.11,
        "Total Revenue": 139,
        "Gross Profit": 139,
        "Operating Income": 139,
        "EBIT": 139,
        "Net Income": 8
    },
    "2018-09-30": {
        "Diluted EPS": -1.02,
        "Total Revenue": 82,
        "Gross Profit": 82,
        "Operating Income": 82,
        "EBIT": 82,
        "Net Income": -9
    }
}