{
    "2023-04-30": {
        "Tax Effect Of Unusual Items": NaN,
        "Tax Rate For Calcs": NaN,
        "Normalized EBITDA": NaN,
        "Total Unusual Items": NaN,
        "Total Unusual Items Excluding Goodwill": NaN,
        "Net Income From Continuing Operation Net Minority Interest": NaN,
        "Reconciled Depreciation": NaN,
        "Reconciled Cost Of Revenue": NaN,
        "EBITDA": NaN,
        "EBIT": NaN,
        "Net Interest Income": NaN,
        "Interest Expense": NaN,
        "Normalized Income": NaN,
        "Net Income From Continuing And Discontinued Operation": NaN,
        "Total Expenses": NaN,
        "Total Operating Income As Reported": NaN,
        "Diluted Average Shares": 16211000.0,
        "Basic Average Shares": 16211000.0,
        "Diluted EPS": -0.09,
        "Basic EPS": -0.09,
        "Diluted NI Availto Com Stockholders": NaN,
        "Net Income Common Stockholders": NaN,
        "Net Income": NaN,
        "Net Income Including Noncontrolling Interests": NaN,
        "Net Income Continuous Operations": NaN,
        "Tax Provision": NaN,
        "Pretax Income": NaN,
        "Other Income Expense": NaN,
        "Gain On Sale Of Security": NaN,
        "Net Non Operating Interest Income Expense": NaN,
        "Interest Expense Non Operating": NaN,
        "Operating Income": NaN,
        "Operating Expense": NaN,
        "Selling General And Administration": NaN,
        "General And Administrative Expense": NaN,
        "Other Gand A": NaN,
        "Salaries And Wages": NaN,
        "Gross Profit": NaN,
        "Cost Of Revenue": NaN,
        "Total Revenue": NaN,
        "Operating Revenue": NaN
    },
    "2023-01-31": {
        "Tax Effect Of Unusual Items": 0.0,
        "Tax Rate For Calcs": 0.21,
        "Normalized EBITDA": -4216000.0,
        "Total Unusual Items": NaN,
        "Total Unusual Items Excluding Goodwill": NaN,
        "Net Income From Continuing Operation Net Minority Interest": 4076000.0,
        "Reconciled Depreciation": 1152000.0,
        "Reconciled Cost Of Revenue": 25776000.0,
        "EBITDA": -4216000.0,
        "EBIT": -5368000.0,
        "Net Interest Income": 608000.0,
        "Interest Expense": -608000.0,
        "Normalized Income": 4076000.0,
        "Net Income From Continuing And Discontinued Operation": 4076000.0,
        "Total Expenses": 44241000.0,
        "Total Operating Income As Reported": -4392000.0,
        "Diluted Average Shares": NaN,
        "Basic Average Shares": NaN,
        "Diluted EPS": NaN,
        "Basic EPS": NaN,
        "Diluted NI Availto Com Stockholders": 4076000.0,
        "Net Income Common Stockholders": 4076000.0,
        "Net Income": 4076000.0,
        "Net Income Including Noncontrolling Interests": 4076000.0,
        "Net Income Continuous Operations": 4076000.0,
        "Tax Provision": -8836000.0,
        "Pretax Income": -4760000.0,
        "Other Income Expense": NaN,
        "Gain On Sale Of Security": NaN,
        "Net Non Operating Interest Income Expense": 608000.0,
        "Interest Expense Non Operating": -608000.0,
        "Operating Income": -5453000.0,
        "Operating Expense": 18465000.0,
        "Selling General And Administration": 18465000.0,
        "General And Administrative Expense": 18465000.0,
        "Other Gand A": 17404000.0,
        "Salaries And Wages": 1061000.0,
        "Gross Profit": 13012000.0,
        "Cost Of Revenue": 25776000.0,
        "Total Revenue": 38788000.0,
        "Operating Revenue": 38788000.0
    },
    "2022-10-31": {
        "Tax Effect Of Unusual Items": NaN,
        "Tax Rate For Calcs": NaN,
        "Normalized EBITDA": NaN,
        "Total Unusual Items": NaN,
        "Total Unusual Items Excluding Goodwill": NaN,
        "Net Income From Continuing Operation Net Minority Interest": NaN,
        "Reconciled Depreciation": NaN,
        "Reconciled Cost Of Revenue": NaN,
        "EBITDA": NaN,
        "EBIT": NaN,
        "Net Interest Income": NaN,
        "Interest Expense": NaN,
        "Normalized Income": NaN,
        "Net Income From Continuing And Discontinued Operation": NaN,
        "Total Expenses": NaN,
        "Total Operating Income As Reported": NaN,
        "Diluted Average Shares": 16249000.0,
        "Basic Average Shares": 16211000.0,
        "Diluted EPS": 0.48,
        "Basic EPS": 0.49,
        "Diluted NI Availto Com Stockholders": NaN,
        "Net Income Common Stockholders": NaN,
        "Net Income": NaN,
        "Net Income Including Noncontrolling Interests": NaN,
        "Net Income Continuous Operations": NaN,
        "Tax Provision": NaN,
        "Pretax Income": NaN,
        "Other Income Expense": NaN,
        "Gain On Sale Of Security": NaN,
        "Net Non Operating Interest Income Expense": NaN,
        "Interest Expense Non Operating": NaN,
        "Operating Income": NaN,
        "Operating Expense": NaN,
        "Selling General And Administration": NaN,
        "General And Administrative Expense": NaN,
        "Other Gand A": NaN,
        "Salaries And Wages": NaN,
        "Gross Profit": NaN,
        "Cost Of Revenue": NaN,
        "Total Revenue": NaN,
        "Operating Revenue": NaN
    },
    "2022-07-31": {
        "Tax Effect Of Unusual Items": -9150.0,
        "Tax Rate For Calcs": 0.03,
        "Normalized EBITDA": 12108000.0,
        "Total Unusual Items": -305000.0,
        "Total Unusual Items Excluding Goodwill": -305000.0,
        "Net Income From Continuing Operation Net Minority Interest": 9680000.0,
        "Reconciled Depreciation": 1130000.0,
        "Reconciled Cost Of Revenue": 50952000.0,
        "EBITDA": 11803000.0,
        "EBIT": 10673000.0,
        "Net Interest Income": -698000.0,
        "Interest Expense": 698000.0,
        "Normalized Income": 9975850.0,
        "Net Income From Continuing And Discontinued Operation": 9680000.0,
        "Total Expenses": 71819000.0,
        "Total Operating Income As Reported": 11174000.0,
        "Diluted Average Shares": 16108000.0,
        "Basic Average Shares": 16108000.0,
        "Diluted EPS": 0.6,
        "Basic EPS": 0.6,
        "Diluted NI Availto Com Stockholders": 9680000.0,
        "Net Income Common Stockholders": 9680000.0,
        "Net Income": 9680000.0,
        "Net Income Including Noncontrolling Interests": 9680000.0,
        "Net Income Continuous Operations": 9680000.0,
        "Tax Provision": 295000.0,
        "Pretax Income": 9975000.0,
        "Other Income Expense": -305000.0,
        "Gain On Sale Of Security": -305000.0,
        "Net Non Operating Interest Income Expense": -698000.0,
        "Interest Expense Non Operating": 698000.0,
        "Operating Income": 10978000.0,
        "Operating Expense": 20867000.0,
        "Selling General And Administration": 20867000.0,
        "General And Administrative Expense": 20867000.0,
        "Other Gand A": 20671000.0,
        "Salaries And Wages": 196000.0,
        "Gross Profit": 31845000.0,
        "Cost Of Revenue": 50952000.0,
        "Total Revenue": 82797000.0,
        "Operating Revenue": 82797000.0
    },
    "2022-04-30": {
        "Diluted EPS": -0.32,
        "Total Revenue": 32,
        "Gross Profit": 10,
        "Operating Income": -5,
        "EBIT": -3,
        "Net Income": -5
    },
    "2022-01-31": {
        "Diluted EPS": -1.02,
        "Total Revenue": 40,
        "Gross Profit": 11,
        "Operating Income": -5,
        "EBIT": -3,
        "Net Income": -16
    },
    "2021-10-31": {
        "Diluted EPS": 0.08,
        "Total Revenue": 57,
        "Gross Profit": 20,
        "Operating Income": 3,
        "EBIT": 4,
        "Net Income": 1
    },
    "2021-07-31": {
        "Diluted EPS": 0.24,
        "Total Revenue": 59,
        "Gross Profit": 22,
        "Operating Income": 6,
        "EBIT": 8,
        "Net Income": 4
    },
    "2021-04-30": {
        "Diluted EPS": -0.25,
        "Total Revenue": 28,
        "Gross Profit": 8,
        "Operating Income": -4,
        "EBIT": -3,
        "Net Income": -4
    },
    "2021-01-31": {
        "Diluted EPS": -0.35,
        "Total Revenue": 18,
        "Gross Profit": 5,
        "Operating Income": -6,
        "EBIT": -4,
        "Net Income": -6
    },
    "2020-10-31": {
        "Diluted EPS": 0.28,
        "Total Revenue": 57,
        "Gross Profit": 22,
        "Operating Income": 6,
        "EBIT": 8,
        "Net Income": 4
    },
    "2020-07-31": {
        "Diluted EPS": 0.23,
        "Total Revenue": 59,
        "Gross Profit": 23,
        "Operating Income": 8,
        "EBIT": 9,
        "Net Income": 4
    },
    "2020-04-30": {
        "Diluted EPS": -0.3,
        "Total Revenue": 18,
        "Gross Profit": 5,
        "Operating Income": -7,
        "EBIT": -5,
        "Net Income": -5
    },
    "2020-01-31": {
        "Diluted EPS": -0.28,
        "Total Revenue": 29,
        "Gross Profit": 7,
        "Operating Income": -7,
        "EBIT": -5,
        "Net Income": -4
    },
    "2019-10-31": {
        "Diluted EPS": 0.25,
        "Total Revenue": 67,
        "Gross Profit": 27,
        "Operating Income": 6,
        "EBIT": 8,
        "Net Income": 4
    },
    "2019-07-31": {
        "Diluted EPS": 0.38,
        "Total Revenue": 70,
        "Gross Profit": 29,
        "Operating Income": 10,
        "EBIT": 12,
        "Net Income": 6
    },
    "2019-04-30": {
        "Diluted EPS": -0.2,
        "Total Revenue": 27,
        "Gross Profit": 9,
        "Operating Income": -4,
        "EBIT": -2,
        "Net Income": -3
    },
    "2019-01-31": {
        "Diluted EPS": -0.41,
        "Total Revenue": 27,
        "Gross Profit": 6,
        "Operating Income": -7,
        "EBIT": -5,
        "Net Income": -6
    },
    "2018-10-31": {
        "Diluted EPS": 0.19,
        "Total Revenue": 77,
        "Gross Profit": 26,
        "Operating Income": 5,
        "EBIT": 7,
        "Net Income": 3
    },
    "2018-07-31": {
        "Diluted EPS": 0.35,
        "Total Revenue": 75,
        "Gross Profit": 27,
        "Operating Income": 9,
        "EBIT": 10,
        "Net Income": 5
    },
    "2018-04-30": {
        "Diluted EPS": -0.23,
        "Total Revenue": 23,
        "Gross Profit": 8,
        "Operating Income": -4,
        "EBIT": -3,
        "Net Income": -4
    },
    "2018-01-31": {
        "Diluted EPS": -0.55,
        "Total Revenue": 25,
        "Gross Profit": 6,
        "Operating Income": -5,
        "EBIT": -3,
        "Net Income": -9
    },
    "2017-10-31": {
        "Diluted EPS": 0.16,
        "Total Revenue": 69,
        "Gross Profit": 24,
        "Operating Income": 5,
        "EBIT": 6,
        "Net Income": 3
    },
    "2017-07-31": {
        "Diluted EPS": 0.33,
        "Total Revenue": 73,
        "Gross Profit": 27,
        "Operating Income": 8,
        "EBIT": 10,
        "Net Income": 5
    },
    "2017-04-30": {
        "Diluted EPS": -0.15,
        "Total Revenue": 23,
        "Gross Profit": 8,
        "Operating Income": -3,
        "EBIT": -2,
        "Net Income": -2
    },
    "2017-01-31": {
        "Diluted EPS": -0.32,
        "Total Revenue": 23,
        "Gross Profit": 6,
        "Operating Income": -5,
        "EBIT": -4,
        "Net Income": -5
    },
    "2016-10-31": {
        "Diluted EPS": 1.57,
        "Total Revenue": 68,
        "Gross Profit": 24,
        "Operating Income": 7,
        "EBIT": 8,
        "Net Income": 24
    },
    "2016-07-31": {
        "Diluted EPS": 0.45,
        "Total Revenue": 61,
        "Gross Profit": 24,
        "Operating Income": 8,
        "EBIT": 9,
        "Net Income": 7
    },
    "2016-04-30": {
        "Diluted EPS": -0.21,
        "Total Revenue": 21,
        "Gross Profit": 8,
        "Operating Income": -3,
        "EBIT": -1,
        "Net Income": -3
    },
    "2016-01-31": {
        "Diluted EPS": -0.37,
        "Total Revenue": 19,
        "Gross Profit": 4,
        "Operating Income": -6,
        "EBIT": -4,
        "Net Income": -6
    },
    "2015-10-31": {
        "Diluted EPS": 0.39,
        "Total Revenue": 65,
        "Gross Profit": 23,
        "Operating Income": 7,
        "EBIT": 8,
        "Net Income": 6
    },
    "2015-07-31": {
        "Diluted EPS": 0.49,
        "Total Revenue": 61,
        "Gross Profit": 24,
        "Operating Income": 8,
        "EBIT": 10,
        "Net Income": 7
    },
    "2015-04-30": {
        "Diluted EPS": -0.21,
        "Total Revenue": 23,
        "Gross Profit": 8,
        "Operating Income": -3,
        "EBIT": -1,
        "Net Income": -3
    },
    "2015-01-31": {
        "Diluted EPS": -0.34,
        "Total Revenue": 25,
        "Gross Profit": 6,
        "Operating Income": -5,
        "EBIT": -3,
        "Net Income": -5
    },
    "2014-10-31": {
        "Diluted EPS": 0.31,
        "Total Revenue": 62,
        "Gross Profit": 21,
        "Operating Income": 5,
        "EBIT": 6,
        "Net Income": 5
    },
    "2014-07-31": {
        "Diluted EPS": 0.35,
        "Total Revenue": 53,
        "Gross Profit": 21,
        "Operating Income": 6,
        "EBIT": 7,
        "Net Income": 5
    },
    "2014-04-30": {
        "Diluted EPS": -0.26,
        "Total Revenue": 23,
        "Gross Profit": 8,
        "Operating Income": -4,
        "EBIT": -2,
        "Net Income": -4
    },
    "2014-01-31": {
        "Diluted EPS": -0.46,
        "Total Revenue": 19,
        "Gross Profit": 3,
        "Operating Income": -8,
        "EBIT": -6,
        "Net Income": -7
    },
    "2013-10-31": {
        "Diluted EPS": 0.23,
        "Total Revenue": 59,
        "Gross Profit": 21,
        "Operating Income": 4,
        "EBIT": 6,
        "Net Income": 3
    },
    "2013-07-31": {
        "Diluted EPS": 0.42,
        "Total Revenue": 57,
        "Gross Profit": 22,
        "Operating Income": 7,
        "EBIT": 8,
        "Net Income": 6
    },
    "2013-04-30": {
        "Diluted EPS": -0.31,
        "Total Revenue": 20,
        "Gross Profit": 6,
        "Operating Income": -4,
        "EBIT": -3,
        "Net Income": -4
    },
    "2013-01-31": {
        "Diluted EPS": -0.62,
        "Total Revenue": 17,
        "Gross Profit": 1,
        "Operating Income": -9,
        "EBIT": -6,
        "Net Income": -9
    },
    "2012-10-31": {
        "Diluted EPS": 0.2,
        "Total Revenue": 57,
        "Gross Profit": 19,
        "Operating Income": 3,
        "EBIT": 4,
        "Net Income": 3
    },
    "2012-07-31": {
        "Diluted EPS": 0.49,
        "Total Revenue": 60,
        "Gross Profit": 23,
        "Operating Income": 8,
        "EBIT": 9,
        "Net Income": 7
    },
    "2012-04-30": {
        "Diluted EPS": -0.34,
        "Total Revenue": 24,
        "Gross Profit": 7,
        "Operating Income": -5,
        "EBIT": -3,
        "Net Income": -5
    },
    "2012-01-31": {
        "Diluted EPS": -0.55,
        "Total Revenue": 26,
        "Gross Profit": 5,
        "Operating Income": -8,
        "EBIT": -7,
        "Net Income": -8
    },
    "2011-10-31": {
        "Diluted EPS": -0.23,
        "Total Revenue": 53,
        "Gross Profit": 16,
        "Operating Income": -3,
        "EBIT": -2,
        "Net Income": -3
    },
    "2011-07-31": {
        "Diluted EPS": 0.19,
        "Total Revenue": 63,
        "Gross Profit": 20,
        "Operating Income": 3,
        "EBIT": 4,
        "Net Income": 3
    },
    "2011-04-30": {
        "Diluted EPS": -0.38,
        "Total Revenue": 24,
        "Gross Profit": 7,
        "Operating Income": -5,
        "EBIT": -4,
        "Net Income": -5
    },
    "2011-01-31": {
        "Diluted EPS": -1.18,
        "Total Revenue": 23,
        "Gross Profit": 5,
        "Operating Income": -7,
        "EBIT": -5,
        "Net Income": -17
    },
    "2010-10-31": {
        "Diluted EPS": 0.01,
        "Total Revenue": 61,
        "Gross Profit": 17,
        "Operating Income": 0,
        "EBIT": 1,
        "Net Income": 0
    },
    "2010-07-31": {
        "Diluted EPS": 0.28,
        "Total Revenue": 72,
        "Gross Profit": 23,
        "Operating Income": 5,
        "EBIT": 7,
        "Net Income": 4
    },
    "2010-04-30": {
        "Diluted EPS": -0.36,
        "Total Revenue": 25,
        "Gross Profit": 6,
        "Operating Income": -6,
        "EBIT": -5,
        "Net Income": -5
    },
    "2010-01-31": {
        "Diluted EPS": -0.26,
        "Total Revenue": 26,
        "Gross Profit": 6,
        "Operating Income": -7,
        "EBIT": -6,
        "Net Income": -4
    },
    "2009-10-31": {
        "Diluted EPS": 0.2,
        "Total Revenue": 63,
        "Gross Profit": 21,
        "Operating Income": 4,
        "EBIT": 5,
        "Net Income": 3
    },
    "2009-07-31": {
        "Diluted EPS": 0.29,
        "Total Revenue": 75,
        "Gross Profit": 26,
        "Operating Income": 8,
        "EBIT": 9,
        "Net Income": 4
    },
    "2009-04-30": {
        "Diluted EPS": -0.21,
        "Total Revenue": 27,
        "Gross Profit": 8,
        "Operating Income": -5,
        "EBIT": -3,
        "Net Income": -3
    },
    "2009-01-31": {
        "Diluted EPS": -0.23,
        "Total Revenue": 28,
        "Gross Profit": 11,
        "Operating Income": -3,
        "EBIT": -1,
        "Net Income": -3
    },
    "2023-07-31": {
        "Tax Effect Of Unusual Items": NaN,
        "Tax Rate For Calcs": NaN,
        "Normalized EBITDA": NaN,
        "Total Unusual Items": NaN,
        "Total Unusual Items Excluding Goodwill": NaN,
        "Net Income From Continuing Operation Net Minority Interest": NaN,
        "Reconciled Depreciation": NaN,
        "Reconciled Cost Of Revenue": NaN,
        "EBITDA": NaN,
        "EBIT": NaN,
        "Net Interest Income": NaN,
        "Interest Expense": 1083000.0,
        "Interest Income": NaN,
        "Normalized Income": NaN,
        "Net Income From Continuing And Discontinued Operation": NaN,
        "Total Expenses": NaN,
        "Total Operating Income As Reported": NaN,
        "Diluted Average Shares": 16294000.0,
        "Basic Average Shares": 16272000.0,
        "Diluted EPS": 0.95,
        "Basic EPS": 0.95,
        "Diluted NI Availto Com Stockholders": NaN,
        "Net Income Common Stockholders": NaN,
        "Net Income": NaN,
        "Net Income Including Noncontrolling Interests": NaN,
        "Net Income Continuous Operations": NaN,
        "Tax Provision": NaN,
        "Pretax Income": NaN,
        "Other Income Expense": NaN,
        "Gain On Sale Of Security": NaN,
        "Net Non Operating Interest Income Expense": NaN,
        "Interest Expense Non Operating": 1083000.0,
        "Interest Income Non Operating": NaN,
        "Operating Income": NaN,
        "Operating Expense": NaN,
        "Selling General And Administration": NaN,
        "General And Administrative Expense": NaN,
        "Other Gand A": NaN,
        "Salaries And Wages": NaN,
        "Gross Profit": NaN,
        "Cost Of Revenue": NaN,
        "Total Revenue": NaN,
        "Operating Revenue": NaN
    },
    "2023-10-31": {
        "Tax Effect Of Unusual Items": -43189.542484,
        "Tax Rate For Calcs": 0.245395,
        "Normalized EBITDA": 15713000.0,
        "Total Unusual Items": -176000.0,
        "Total Unusual Items Excluding Goodwill": -176000.0,
        "Net Income From Continuing Operation Net Minority Interest": 10160000.0,
        "Reconciled Depreciation": 1308000.0,
        "Reconciled Cost Of Revenue": 46041000.0,
        "EBITDA": 15537000.0,
        "EBIT": 14229000.0,
        "Net Interest Income": -765000.0,
        "Interest Expense": 765000.0,
        "Interest Income": NaN,
        "Normalized Income": 10292810.457516,
        "Net Income From Continuing And Discontinued Operation": 10160000.0,
        "Total Expenses": 69847000.0,
        "Total Operating Income As Reported": 14706000.0,
        "Diluted Average Shares": 16428000.0,
        "Basic Average Shares": 16347000.0,
        "Diluted EPS": 0.62,
        "Basic EPS": 0.62,
        "Diluted NI Availto Com Stockholders": 10160000.0,
        "Net Income Common Stockholders": 10160000.0,
        "Net Income": 10160000.0,
        "Net Income Including Noncontrolling Interests": 10160000.0,
        "Net Income Continuous Operations": 10160000.0,
        "Tax Provision": 3304000.0,
        "Pretax Income": 13464000.0,
        "Other Income Expense": -176000.0,
        "Gain On Sale Of Security": -176000.0,
        "Net Non Operating Interest Income Expense": -765000.0,
        "Interest Expense Non Operating": 765000.0,
        "Interest Income Non Operating": NaN,
        "Operating Income": 14405000.0,
        "Operating Expense": 23806000.0,
        "Selling General And Administration": 23806000.0,
        "General And Administrative Expense": 23806000.0,
        "Other Gand A": 23505000.0,
        "Salaries And Wages": 301000.0,
        "Gross Profit": 38211000.0,
        "Cost Of Revenue": 46041000.0,
        "Total Revenue": 84252000.0,
        "Operating Revenue": 84252000.0
    },
    "2024-01-31": {
        "Tax Effect Of Unusual Items": 74546.202768,
        "Tax Rate For Calcs": 0.123831,
        "Normalized EBITDA": -1822000.0,
        "Total Unusual Items": 602000.0,
        "Total Unusual Items Excluding Goodwill": 602000.0,
        "Net Income From Continuing Operation Net Minority Interest": -2342000.0,
        "Reconciled Depreciation": 1334000.0,
        "Reconciled Cost Of Revenue": 26534000.0,
        "EBITDA": -1220000.0,
        "EBIT": -2554000.0,
        "Net Interest Income": -119000.0,
        "Interest Expense": 119000.0,
        "Interest Income": NaN,
        "Normalized Income": -2869453.797232,
        "Net Income From Continuing And Discontinued Operation": -2342000.0,
        "Total Expenses": 45757000.0,
        "Total Operating Income As Reported": -2771000.0,
        "Diluted Average Shares": NaN,
        "Basic Average Shares": NaN,
        "Diluted EPS": NaN,
        "Basic EPS": NaN,
        "Diluted NI Availto Com Stockholders": -2342000.0,
        "Net Income Common Stockholders": -2342000.0,
        "Net Income": -2342000.0,
        "Net Income Including Noncontrolling Interests": -2342000.0,
        "Net Income Continuous Operations": -2342000.0,
        "Tax Provision": -331000.0,
        "Pretax Income": -2673000.0,
        "Other Income Expense": 602000.0,
        "Gain On Sale Of Security": 602000.0,
        "Net Non Operating Interest Income Expense": -119000.0,
        "Interest Expense Non Operating": 119000.0,
        "Interest Income Non Operating": NaN,
        "Operating Income": -3156000.0,
        "Operating Expense": 19223000.0,
        "Selling General And Administration": 19223000.0,
        "General And Administrative Expense": 19223000.0,
        "Other Gand A": 18838000.0,
        "Salaries And Wages": 385000.0,
        "Gross Profit": 16067000.0,
        "Cost Of Revenue": 26534000.0,
        "Total Revenue": 42601000.0,
        "Operating Revenue": 42601000.0
    },
    "2024-04-30": {
        "Tax Effect Of Unusual Items": 54825.0,
        "Tax Rate For Calcs": 0.255,
        "Normalized EBITDA": 4198000.0,
        "Total Unusual Items": 215000.0,
        "Total Unusual Items Excluding Goodwill": 215000.0,
        "Net Income From Continuing Operation Net Minority Interest": 2140000.0,
        "Reconciled Depreciation": 1334000.0,
        "Reconciled Cost Of Revenue": 26388000.0,
        "EBITDA": 4413000.0,
        "EBIT": 3079000.0,
        "Net Interest Income": -208000.0,
        "Interest Expense": 208000.0,
        "Interest Income": NaN,
        "Normalized Income": 1979825.0,
        "Net Income From Continuing And Discontinued Operation": 2140000.0,
        "Total Expenses": 43871000.0,
        "Total Operating Income As Reported": 2971000.0,
        "Diluted Average Shares": 16393000.0,
        "Basic Average Shares": 16264000.0,
        "Diluted EPS": 0.13,
        "Basic EPS": 0.13,
        "Diluted NI Availto Com Stockholders": 2140000.0,
        "Net Income Common Stockholders": 2140000.0,
        "Net Income": 2140000.0,
        "Net Income Including Noncontrolling Interests": 2140000.0,
        "Net Income Continuous Operations": 2140000.0,
        "Tax Provision": 731000.0,
        "Pretax Income": 2871000.0,
        "Other Income Expense": 215000.0,
        "Gain On Sale Of Security": 215000.0,
        "Net Non Operating Interest Income Expense": -208000.0,
        "Interest Expense Non Operating": 208000.0,
        "Interest Income Non Operating": NaN,
        "Operating Income": 2864000.0,
        "Operating Expense": 17483000.0,
        "Selling General And Administration": 17483000.0,
        "General And Administrative Expense": 17483000.0,
        "Other Gand A": 17376000.0,
        "Salaries And Wages": 107000.0,
        "Gross Profit": 20347000.0,
        "Cost Of Revenue": 26388000.0,
        "Total Revenue": 46735000.0,
        "Operating Revenue": 46735000.0
    },
    "2024-07-31": {
        "Tax Effect Of Unusual Items": 141489.0,
        "Tax Rate For Calcs": 0.237,
        "Normalized EBITDA": 23169000.0,
        "Total Unusual Items": 597000.0,
        "Total Unusual Items Excluding Goodwill": 597000.0,
        "Net Income From Continuing Operation Net Minority Interest": 16833000.0,
        "Reconciled Depreciation": 1382000.0,
        "Reconciled Cost Of Revenue": 58201000.0,
        "EBITDA": 23766000.0,
        "EBIT": 22384000.0,
        "Net Interest Income": -322000.0,
        "Interest Expense": 322000.0,
        "Interest Income": NaN,
        "Normalized Income": 16377489.0,
        "Net Income From Continuing And Discontinued Operation": 16833000.0,
        "Total Expenses": 86632000.0,
        "Total Operating Income As Reported": 21894000.0,
        "Diluted Average Shares": 16215000.0,
        "Basic Average Shares": 16214000.0,
        "Diluted EPS": 1.04,
        "Basic EPS": 1.04,
        "Diluted NI Availto Com Stockholders": 16833000.0,
        "Net Income Common Stockholders": 16833000.0,
        "Net Income": 16833000.0,
        "Net Income Including Noncontrolling Interests": 16833000.0,
        "Net Income Continuous Operations": 16833000.0,
        "Tax Provision": 5229000.0,
        "Pretax Income": 22062000.0,
        "Other Income Expense": 597000.0,
        "Gain On Sale Of Security": 597000.0,
        "Net Non Operating Interest Income Expense": -322000.0,
        "Interest Expense Non Operating": 322000.0,
        "Interest Income Non Operating": NaN,
        "Operating Income": 21787000.0,
        "Operating Expense": 28431000.0,
        "Selling General And Administration": 28431000.0,
        "General And Administrative Expense": 28431000.0,
        "Other Gand A": 28324000.0,
        "Salaries And Wages": 107000.0,
        "Gross Profit": 50218000.0,
        "Cost Of Revenue": 58201000.0,
        "Total Revenue": 108419000.0,
        "Operating Revenue": 108419000.0
    },
    "2024-10-31": {
        "Tax Effect Of Unusual Items": 62737.962224,
        "Tax Rate For Calcs": 0.255032,
        "Normalized EBITDA": 12210000.0,
        "Total Unusual Items": 246000.0,
        "Total Unusual Items Excluding Goodwill": 246000.0,
        "Net Income From Continuing Operation Net Minority Interest": 8401000.0,
        "Reconciled Depreciation": 1449000.0,
        "Reconciled Cost Of Revenue": 45942000.0,
        "EBITDA": 12456000.0,
        "EBIT": 11007000.0,
        "Net Interest Income": 24000.0,
        "Interest Expense": NaN,
        "Interest Income": 24000.0,
        "Normalized Income": 8217737.962224,
        "Net Income From Continuing And Discontinued Operation": 8401000.0,
        "Total Expenses": 71613000.0,
        "Total Operating Income As Reported": 11113000.0,
        "Diluted Average Shares": 16296000.0,
        "Basic Average Shares": 16289000.0,
        "Diluted EPS": 0.52,
        "Basic EPS": 0.52,
        "Diluted NI Availto Com Stockholders": 8401000.0,
        "Net Income Common Stockholders": 8401000.0,
        "Net Income": 8401000.0,
        "Net Income Including Noncontrolling Interests": 8401000.0,
        "Net Income Continuous Operations": 8401000.0,
        "Tax Provision": 2876000.0,
        "Pretax Income": 11277000.0,
        "Other Income Expense": 246000.0,
        "Gain On Sale Of Security": 246000.0,
        "Net Non Operating Interest Income Expense": 24000.0,
        "Interest Expense Non Operating": NaN,
        "Interest Income Non Operating": 24000.0,
        "Operating Income": 11007000.0,
        "Operating Expense": 25671000.0,
        "Selling General And Administration": 25671000.0,
        "General And Administrative Expense": 25671000.0,
        "Other Gand A": 25565000.0,
        "Salaries And Wages": 106000.0,
        "Gross Profit": 36678000.0,
        "Cost Of Revenue": 45942000.0,
        "Total Revenue": 82620000.0,
        "Operating Revenue": 82620000.0
    }
}