{
    "2023-06-30": {
        "Tax Effect Of Unusual Items": NaN,
        "Tax Rate For Calcs": NaN,
        "Normalized EBITDA": NaN,
        "Total Unusual Items": NaN,
        "Total Unusual Items Excluding Goodwill": NaN,
        "Net Income From Continuing Operation Net Minority Interest": NaN,
        "Reconciled Depreciation": NaN,
        "Reconciled Cost Of Revenue": NaN,
        "EBITDA": NaN,
        "EBIT": NaN,
        "Net Interest Income": NaN,
        "Interest Expense": NaN,
        "Interest Income": NaN,
        "Normalized Income": NaN,
        "Net Income From Continuing And Discontinued Operation": NaN,
        "Total Expenses": NaN,
        "Total Operating Income As Reported": NaN,
        "Diluted Average Shares": NaN,
        "Basic Average Shares": NaN,
        "Diluted EPS": NaN,
        "Basic EPS": NaN,
        "Diluted NI Availto Com Stockholders": NaN,
        "Net Income Common Stockholders": NaN,
        "Net Income": NaN,
        "Net Income Including Noncontrolling Interests": NaN,
        "Net Income Continuous Operations": NaN,
        "Tax Provision": NaN,
        "Pretax Income": NaN,
        "Other Income Expense": NaN,
        "Other Non Operating Income Expenses": 2268000.0,
        "Special Income Charges": NaN,
        "Gain On Sale Of Ppe": 0.0,
        "Restructuring And Mergern Acquisition": NaN,
        "Gain On Sale Of Security": NaN,
        "Net Non Operating Interest Income Expense": NaN,
        "Total Other Finance Cost": NaN,
        "Interest Expense Non Operating": NaN,
        "Interest Income Non Operating": NaN,
        "Operating Income": NaN,
        "Operating Expense": NaN,
        "Other Operating Expenses": NaN,
        "Other Taxes": NaN,
        "Provision For Doubtful Accounts": 0.0,
        "Selling General And Administration": NaN,
        "Selling And Marketing Expense": NaN,
        "General And Administrative Expense": NaN,
        "Other Gand A": NaN,
        "Salaries And Wages": NaN,
        "Gross Profit": NaN,
        "Cost Of Revenue": NaN,
        "Total Revenue": NaN,
        "Operating Revenue": NaN
    },
    "2023-03-31": {
        "Tax Effect Of Unusual Items": NaN,
        "Tax Rate For Calcs": NaN,
        "Normalized EBITDA": NaN,
        "Total Unusual Items": NaN,
        "Total Unusual Items Excluding Goodwill": NaN,
        "Net Income From Continuing Operation Net Minority Interest": NaN,
        "Reconciled Depreciation": NaN,
        "Reconciled Cost Of Revenue": NaN,
        "EBITDA": NaN,
        "EBIT": NaN,
        "Net Interest Income": NaN,
        "Interest Expense": NaN,
        "Interest Income": NaN,
        "Normalized Income": NaN,
        "Net Income From Continuing And Discontinued Operation": NaN,
        "Total Expenses": NaN,
        "Total Operating Income As Reported": NaN,
        "Diluted Average Shares": NaN,
        "Basic Average Shares": NaN,
        "Diluted EPS": NaN,
        "Basic EPS": NaN,
        "Diluted NI Availto Com Stockholders": NaN,
        "Net Income Common Stockholders": NaN,
        "Net Income": NaN,
        "Net Income Including Noncontrolling Interests": NaN,
        "Net Income Continuous Operations": NaN,
        "Tax Provision": NaN,
        "Pretax Income": NaN,
        "Other Income Expense": NaN,
        "Other Non Operating Income Expenses": NaN,
        "Special Income Charges": NaN,
        "Gain On Sale Of Ppe": NaN,
        "Restructuring And Mergern Acquisition": NaN,
        "Gain On Sale Of Security": NaN,
        "Net Non Operating Interest Income Expense": NaN,
        "Total Other Finance Cost": NaN,
        "Interest Expense Non Operating": NaN,
        "Interest Income Non Operating": NaN,
        "Operating Income": NaN,
        "Operating Expense": NaN,
        "Other Operating Expenses": NaN,
        "Other Taxes": NaN,
        "Provision For Doubtful Accounts": 0.0,
        "Selling General And Administration": NaN,
        "Selling And Marketing Expense": NaN,
        "General And Administrative Expense": NaN,
        "Other Gand A": NaN,
        "Salaries And Wages": NaN,
        "Gross Profit": NaN,
        "Cost Of Revenue": NaN,
        "Total Revenue": NaN,
        "Operating Revenue": NaN
    },
    "2022-12-31": {
        "Tax Effect Of Unusual Items": NaN,
        "Tax Rate For Calcs": NaN,
        "Normalized EBITDA": NaN,
        "Total Unusual Items": NaN,
        "Total Unusual Items Excluding Goodwill": NaN,
        "Net Income From Continuing Operation Net Minority Interest": NaN,
        "Reconciled Depreciation": NaN,
        "Reconciled Cost Of Revenue": NaN,
        "EBITDA": NaN,
        "EBIT": NaN,
        "Net Interest Income": NaN,
        "Interest Expense": NaN,
        "Interest Income": NaN,
        "Normalized Income": NaN,
        "Net Income From Continuing And Discontinued Operation": NaN,
        "Total Expenses": NaN,
        "Total Operating Income As Reported": NaN,
        "Diluted Average Shares": NaN,
        "Basic Average Shares": NaN,
        "Diluted EPS": NaN,
        "Basic EPS": NaN,
        "Diluted NI Availto Com Stockholders": NaN,
        "Net Income Common Stockholders": NaN,
        "Net Income": NaN,
        "Net Income Including Noncontrolling Interests": NaN,
        "Net Income Continuous Operations": NaN,
        "Tax Provision": NaN,
        "Pretax Income": NaN,
        "Other Income Expense": NaN,
        "Other Non Operating Income Expenses": NaN,
        "Special Income Charges": NaN,
        "Gain On Sale Of Ppe": 0.0,
        "Restructuring And Mergern Acquisition": NaN,
        "Gain On Sale Of Security": NaN,
        "Net Non Operating Interest Income Expense": NaN,
        "Total Other Finance Cost": NaN,
        "Interest Expense Non Operating": NaN,
        "Interest Income Non Operating": NaN,
        "Operating Income": NaN,
        "Operating Expense": NaN,
        "Other Operating Expenses": NaN,
        "Other Taxes": NaN,
        "Provision For Doubtful Accounts": 0.0,
        "Selling General And Administration": NaN,
        "Selling And Marketing Expense": NaN,
        "General And Administrative Expense": NaN,
        "Other Gand A": NaN,
        "Salaries And Wages": NaN,
        "Gross Profit": NaN,
        "Cost Of Revenue": NaN,
        "Total Revenue": NaN,
        "Operating Revenue": NaN
    },
    "2022-09-30": {
        "Tax Effect Of Unusual Items": NaN,
        "Tax Rate For Calcs": NaN,
        "Normalized EBITDA": NaN,
        "Total Unusual Items": NaN,
        "Total Unusual Items Excluding Goodwill": NaN,
        "Net Income From Continuing Operation Net Minority Interest": NaN,
        "Reconciled Depreciation": NaN,
        "Reconciled Cost Of Revenue": NaN,
        "EBITDA": NaN,
        "EBIT": NaN,
        "Net Interest Income": NaN,
        "Interest Expense": NaN,
        "Interest Income": NaN,
        "Normalized Income": NaN,
        "Net Income From Continuing And Discontinued Operation": NaN,
        "Total Expenses": NaN,
        "Total Operating Income As Reported": NaN,
        "Diluted Average Shares": NaN,
        "Basic Average Shares": NaN,
        "Diluted EPS": NaN,
        "Basic EPS": NaN,
        "Diluted NI Availto Com Stockholders": NaN,
        "Net Income Common Stockholders": NaN,
        "Net Income": NaN,
        "Net Income Including Noncontrolling Interests": NaN,
        "Net Income Continuous Operations": NaN,
        "Tax Provision": NaN,
        "Pretax Income": NaN,
        "Other Income Expense": NaN,
        "Other Non Operating Income Expenses": 214000.0,
        "Special Income Charges": NaN,
        "Gain On Sale Of Ppe": 0.0,
        "Restructuring And Mergern Acquisition": NaN,
        "Gain On Sale Of Security": NaN,
        "Net Non Operating Interest Income Expense": NaN,
        "Total Other Finance Cost": NaN,
        "Interest Expense Non Operating": NaN,
        "Interest Income Non Operating": NaN,
        "Operating Income": NaN,
        "Operating Expense": NaN,
        "Other Operating Expenses": NaN,
        "Other Taxes": NaN,
        "Provision For Doubtful Accounts": NaN,
        "Selling General And Administration": NaN,
        "Selling And Marketing Expense": NaN,
        "General And Administrative Expense": NaN,
        "Other Gand A": NaN,
        "Salaries And Wages": NaN,
        "Gross Profit": NaN,
        "Cost Of Revenue": NaN,
        "Total Revenue": NaN,
        "Operating Revenue": NaN
    },
    "2022-06-30": {
        "Tax Effect Of Unusual Items": 9639294.332881,
        "Tax Rate For Calcs": 0.326192,
        "Normalized EBITDA": 187988000.0,
        "Total Unusual Items": 29551000.0,
        "Total Unusual Items Excluding Goodwill": 29551000.0,
        "Net Income From Continuing Operation Net Minority Interest": 101836000.0,
        "Reconciled Depreciation": 57982000.0,
        "Reconciled Cost Of Revenue": 130096000.0,
        "EBITDA": 217539000.0,
        "EBIT": 159557000.0,
        "Net Interest Income": -22526000.0,
        "Interest Expense": 8422000.0,
        "Interest Income": 74000.0,
        "Normalized Income": 81924294.332881,
        "Net Income From Continuing And Discontinued Operation": 101836000.0,
        "Total Expenses": 150183000.0,
        "Total Operating Income As Reported": 143851000.0,
        "Diluted Average Shares": 96006635.0,
        "Basic Average Shares": 88491745.0,
        "Diluted EPS": 1.061,
        "Basic EPS": 1.151,
        "Diluted NI Availto Com Stockholders": 101836000.0,
        "Net Income Common Stockholders": 101836000.0,
        "Net Income": 101836000.0,
        "Net Income Including Noncontrolling Interests": 101836000.0,
        "Net Income Continuous Operations": 101836000.0,
        "Tax Provision": 49299000.0,
        "Pretax Income": 151135000.0,
        "Other Income Expense": 29551000.0,
        "Other Non Operating Income Expenses": NaN,
        "Special Income Charges": -259000.0,
        "Gain On Sale Of Ppe": NaN,
        "Impairment Of Capital Assets": NaN,
        "Restructuring And Mergern Acquisition": 259000.0,
        "Gain On Sale Of Security": 29810000.0,
        "Net Non Operating Interest Income Expense": -22526000.0,
        "Total Other Finance Cost": 14178000.0,
        "Interest Expense Non Operating": 8422000.0,
        "Interest Income Non Operating": 74000.0,
        "Operating Income": 144110000.0,
        "Operating Expense": 20087000.0,
        "Other Operating Expenses": -10245000.0,
        "Other Taxes": 10453000.0,
        "Provision For Doubtful Accounts": NaN,
        "Selling General And Administration": 19879000.0,
        "Selling And Marketing Expense": 8893000.0,
        "General And Administrative Expense": 10986000.0,
        "Other Gand A": 3368000.0,
        "Salaries And Wages": 7618000.0,
        "Gross Profit": 164197000.0,
        "Cost Of Revenue": 130096000.0,
        "Total Revenue": 294293000.0,
        "Operating Revenue": 294293000.0
    },
    "2022-03-31": {
        "Diluted EPS": 0.16,
        "Total Revenue": 208,
        "Gross Profit": 104,
        "Operating Income": 80,
        "EBIT": 127,
        "Net Income": 16
    },
    "2021-12-31": {
        "Diluted EPS": 0.38,
        "Total Revenue": 196,
        "Gross Profit": 56,
        "Operating Income": 46,
        "EBIT": 93,
        "Net Income": 36
    },
    "2021-09-30": {
        "Diluted EPS": 0.05,
        "Total Revenue": 175,
        "Gross Profit": 77,
        "Operating Income": 64,
        "EBIT": 113,
        "Net Income": 5
    },
    "2021-06-30": {
        "Diluted EPS": 0.06,
        "Total Revenue": 165,
        "Gross Profit": 68,
        "Operating Income": 51,
        "EBIT": 102,
        "Net Income": 6
    },
    "2021-03-31": {
        "Diluted EPS": 0.05,
        "Total Revenue": 116,
        "Gross Profit": 66,
        "Operating Income": 49,
        "EBIT": 94,
        "Net Income": 5
    },
    "2020-12-31": {
        "Diluted EPS": -0.16,
        "Total Revenue": 80,
        "Gross Profit": 6,
        "Operating Income": -18,
        "EBIT": 27,
        "Net Income": -14
    },
    "2020-09-30": {
        "Diluted EPS": -0.32,
        "Total Revenue": 70,
        "Gross Profit": -1,
        "Operating Income": -21,
        "EBIT": 18,
        "Net Income": -28
    },
    "2020-06-30": {
        "Diluted EPS": -0.45,
        "Total Revenue": 51,
        "Gross Profit": -7,
        "Operating Income": -22,
        "EBIT": 9,
        "Net Income": -39
    },
    "2020-03-31": {
        "Diluted EPS": -0.25,
        "Total Revenue": 73,
        "Gross Profit": 5,
        "Operating Income": -9,
        "EBIT": 24,
        "Net Income": -21
    },
    "2019-12-31": {
        "Diluted EPS": -0.52,
        "Total Revenue": 96,
        "Gross Profit": 18,
        "Operating Income": -5,
        "EBIT": 33,
        "Net Income": -44
    },
    "2019-09-30": {
        "Diluted EPS": 0.25,
        "Total Revenue": 105,
        "Gross Profit": 14,
        "Operating Income": 1,
        "EBIT": 47,
        "Net Income": 22
    },
    "2019-06-30": {
        "Diluted EPS": 0.05,
        "Total Revenue": 120,
        "Gross Profit": 27,
        "Operating Income": 7,
        "EBIT": 51,
        "Net Income": 4
    },
    "2019-03-31": {
        "Diluted EPS": -0.19,
        "Total Revenue": 94,
        "Gross Profit": 28,
        "Operating Income": 12,
        "EBIT": 36,
        "Net Income": -14
    },
    "2018-12-31": {
        "Diluted EPS": 0.6,
        "Total Revenue": 104,
        "Gross Profit": 46,
        "Operating Income": 28,
        "EBIT": 39,
        "Net Income": 42
    },
    "2018-09-30": {
        "Diluted EPS": -0.4,
        "Total Revenue": 117,
        "Gross Profit": 41,
        "Operating Income": 20,
        "EBIT": 52,
        "Net Income": -28
    },
    "2018-06-30": {
        "Diluted EPS": -0.96,
        "Total Revenue": 110,
        "Gross Profit": 31,
        "Operating Income": 10,
        "EBIT": 10,
        "Net Income": -41
    },
    "2018-03-31": {
        "Diluted EPS": -0.21,
        "Total Revenue": NaN,
        "Gross Profit": NaN,
        "Operating Income": -3,
        "EBIT": -3,
        "Net Income": -3
    },
    "2017-12-31": {
        "Diluted EPS": 0.0,
        "Total Revenue": NaN,
        "Gross Profit": NaN,
        "Operating Income": NaN,
        "EBIT": NaN,
        "Net Income": NaN
    },
    "2023-09-30": {
        "Tax Effect Of Unusual Items": -3525818.536723,
        "Tax Rate For Calcs": 0.269311,
        "Normalized EBITDA": 203252000.0,
        "Total Unusual Items": -13092000.0,
        "Total Unusual Items Excluding Goodwill": -13092000.0,
        "Net Income From Continuing Operation Net Minority Interest": 83102000.0,
        "Reconciled Depreciation": 70600000.0,
        "Reconciled Cost Of Revenue": 148557000.0,
        "EBITDA": 190160000.0,
        "EBIT": 119560000.0,
        "Net Interest Income": -18826000.0,
        "Interest Expense": 5829000.0,
        "Interest Income": 299000.0,
        "Normalized Income": 92668181.463277,
        "Net Income From Continuing And Discontinued Operation": 83102000.0,
        "Total Expenses": 157111000.0,
        "Total Operating Income As Reported": 145649000.0,
        "Diluted Average Shares": 101178620.0,
        "Basic Average Shares": 95066657.0,
        "Diluted EPS": 0.821,
        "Basic EPS": 0.874,
        "Diluted NI Availto Com Stockholders": 83102000.0,
        "Net Income Common Stockholders": 83102000.0,
        "Net Income": 83102000.0,
        "Net Income Including Noncontrolling Interests": 83102000.0,
        "Net Income Continuous Operations": 83102000.0,
        "Tax Provision": 30629000.0,
        "Pretax Income": 113731000.0,
        "Other Income Expense": -13092000.0,
        "Other Non Operating Income Expenses": 5076000.0,
        "Special Income Charges": 0.0,
        "Gain On Sale Of Ppe": 0.0,
        "Restructuring And Mergern Acquisition": 0.0,
        "Gain On Sale Of Security": -13092000.0,
        "Net Non Operating Interest Income Expense": -18826000.0,
        "Total Other Finance Cost": 13296000.0,
        "Interest Expense Non Operating": 5829000.0,
        "Interest Income Non Operating": 299000.0,
        "Operating Income": 145649000.0,
        "Operating Expense": 8554000.0,
        "Other Operating Expenses": -24150000.0,
        "Other Taxes": 6523000.0,
        "Provision For Doubtful Accounts": 0.0,
        "Selling General And Administration": 26181000.0,
        "Selling And Marketing Expense": 11776000.0,
        "General And Administrative Expense": 14405000.0,
        "Other Gand A": 3593000.0,
        "Salaries And Wages": 10812000.0,
        "Gross Profit": 154203000.0,
        "Cost Of Revenue": 148557000.0,
        "Total Revenue": 302760000.0,
        "Operating Revenue": 302760000.0
    },
    "2023-12-31": {
        "Tax Effect Of Unusual Items": -15388323.11156,
        "Tax Rate For Calcs": 0.206118,
        "Normalized EBITDA": 328078000.0,
        "Total Unusual Items": -74658000.0,
        "Total Unusual Items Excluding Goodwill": -74658000.0,
        "Net Income From Continuing Operation Net Minority Interest": 132938000.0,
        "Reconciled Depreciation": 79011000.0,
        "Reconciled Cost Of Revenue": 189807000.0,
        "EBITDA": 253420000.0,
        "EBIT": 174409000.0,
        "Net Interest Income": -48654000.0,
        "Interest Expense": 6956000.0,
        "Interest Income": 433000.0,
        "Normalized Income": 192207676.88844,
        "Net Income From Continuing And Discontinued Operation": 132938000.0,
        "Total Expenses": 54135000.0,
        "Total Operating Income As Reported": 176521000.0,
        "Diluted Average Shares": 95218119.0,
        "Basic Average Shares": 95218119.0,
        "Diluted EPS": 1.396142,
        "Basic EPS": 1.396142,
        "Diluted NI Availto Com Stockholders": 132938000.0,
        "Net Income Common Stockholders": 132938000.0,
        "Net Income": 132938000.0,
        "Net Income Including Noncontrolling Interests": 132938000.0,
        "Net Income Continuous Operations": 132938000.0,
        "Tax Provision": 34515000.0,
        "Pretax Income": 167453000.0,
        "Other Income Expense": -74658000.0,
        "Other Non Operating Income Expenses": NaN,
        "Special Income Charges": -114244000.0,
        "Gain On Sale Of Ppe": -89659000.0,
        "Restructuring And Mergern Acquisition": 0.0,
        "Gain On Sale Of Security": 39586000.0,
        "Net Non Operating Interest Income Expense": -48654000.0,
        "Total Other Finance Cost": 42131000.0,
        "Interest Expense Non Operating": 6956000.0,
        "Interest Income Non Operating": 433000.0,
        "Operating Income": 290765000.0,
        "Operating Expense": -135672000.0,
        "Other Operating Expenses": -173507000.0,
        "Other Taxes": 7583000.0,
        "Provision For Doubtful Accounts": 0.0,
        "Selling General And Administration": 30252000.0,
        "Selling And Marketing Expense": 13342000.0,
        "General And Administrative Expense": 16910000.0,
        "Other Gand A": 4788000.0,
        "Salaries And Wages": 12122000.0,
        "Gross Profit": 155093000.0,
        "Cost Of Revenue": 189807000.0,
        "Total Revenue": 344900000.0,
        "Operating Revenue": 344900000.0
    },
    "2024-03-31": {
        "Tax Effect Of Unusual Items": 0.0,
        "Tax Rate For Calcs": 0.229206,
        "Normalized EBITDA": 189309000.0,
        "Total Unusual Items": -20923000.0,
        "Total Unusual Items Excluding Goodwill": -20923000.0,
        "Net Income From Continuing Operation Net Minority Interest": 78651000.0,
        "Reconciled Depreciation": 82373000.0,
        "Reconciled Cost Of Revenue": 156669000.0,
        "EBITDA": 189309000.0,
        "EBIT": 106936000.0,
        "Net Interest Income": -27046000.0,
        "Interest Expense": 4897000.0,
        "Interest Income": 481000.0,
        "Normalized Income": 78651000.0,
        "Net Income From Continuing And Discontinued Operation": 78651000.0,
        "Total Expenses": 188267000.0,
        "Total Operating Income As Reported": 129085000.0,
        "Diluted Average Shares": 97190835.0,
        "Basic Average Shares": 97190835.0,
        "Diluted EPS": 0.809243,
        "Basic EPS": 0.809243,
        "Diluted NI Availto Com Stockholders": 78651000.0,
        "Net Income Common Stockholders": 78651000.0,
        "Net Income": 78651000.0,
        "Net Income Including Noncontrolling Interests": 78651000.0,
        "Net Income Continuous Operations": 78651000.0,
        "Tax Provision": 23388000.0,
        "Pretax Income": 102039000.0,
        "Other Income Expense": -20923000.0,
        "Other Non Operating Income Expenses": NaN,
        "Special Income Charges": 0.0,
        "Gain On Sale Of Ppe": NaN,
        "Restructuring And Mergern Acquisition": 0.0,
        "Gain On Sale Of Security": -20923000.0,
        "Net Non Operating Interest Income Expense": -27046000.0,
        "Total Other Finance Cost": 22630000.0,
        "Interest Expense Non Operating": 4897000.0,
        "Interest Income Non Operating": 481000.0,
        "Operating Income": 129085000.0,
        "Operating Expense": 31598000.0,
        "Other Operating Expenses": -9351000.0,
        "Other Taxes": 8483000.0,
        "Provision For Doubtful Accounts": NaN,
        "Selling General And Administration": 40949000.0,
        "Selling And Marketing Expense": 18839000.0,
        "General And Administrative Expense": 22110000.0,
        "Other Gand A": 22110000.0,
        "Salaries And Wages": 17259000.0,
        "Gross Profit": 160683000.0,
        "Cost Of Revenue": 156669000.0,
        "Total Revenue": 317352000.0,
        "Operating Revenue": 317352000.0
    },
    "2024-06-30": {
        "Tax Effect Of Unusual Items": 1245289.288221,
        "Tax Rate For Calcs": 0.176462,
        "Normalized EBITDA": 275851000.0,
        "Total Unusual Items": 7057000.0,
        "Total Unusual Items Excluding Goodwill": 7057000.0,
        "Net Income From Continuing Operation Net Minority Interest": 139640000.0,
        "Reconciled Depreciation": 101005000.0,
        "Reconciled Cost Of Revenue": 188671000.0,
        "EBITDA": 282908000.0,
        "EBIT": 181903000.0,
        "Net Interest Income": -17087000.0,
        "Interest Expense": 12342000.0,
        "Interest Income": 1319000.0,
        "Normalized Income": 133828289.288221,
        "Net Income From Continuing And Discontinued Operation": 139640000.0,
        "Total Expenses": 217124000.0,
        "Total Operating Income As Reported": 179591000.0,
        "Diluted Average Shares": 100456945.0,
        "Basic Average Shares": 96690120.0,
        "Diluted EPS": 1.39,
        "Basic EPS": 1.444,
        "Diluted NI Availto Com Stockholders": 139640000.0,
        "Net Income Common Stockholders": 139640000.0,
        "Net Income": 139640000.0,
        "Net Income Including Noncontrolling Interests": 139640000.0,
        "Net Income Continuous Operations": 139640000.0,
        "Tax Provision": 29921000.0,
        "Pretax Income": 169561000.0,
        "Other Income Expense": 7057000.0,
        "Other Non Operating Income Expenses": NaN,
        "Special Income Charges": 0.0,
        "Gain On Sale Of Ppe": 0.0,
        "Restructuring And Mergern Acquisition": 0.0,
        "Gain On Sale Of Security": 7057000.0,
        "Net Non Operating Interest Income Expense": -17087000.0,
        "Total Other Finance Cost": 6064000.0,
        "Interest Expense Non Operating": 12342000.0,
        "Interest Income Non Operating": 1319000.0,
        "Operating Income": 179591000.0,
        "Operating Expense": 28453000.0,
        "Other Operating Expenses": -16077000.0,
        "Other Taxes": 9879000.0,
        "Provision For Doubtful Accounts": NaN,
        "Selling General And Administration": 34651000.0,
        "Selling And Marketing Expense": 12721000.0,
        "General And Administrative Expense": 21930000.0,
        "Other Gand A": 3539000.0,
        "Salaries And Wages": 18391000.0,
        "Gross Profit": 208044000.0,
        "Cost Of Revenue": 188671000.0,
        "Total Revenue": 396715000.0,
        "Operating Revenue": 396715000.0
    },
    "2024-09-30": {
        "Tax Effect Of Unusual Items": 2777150.292999,
        "Tax Rate For Calcs": 0.149486,
        "Normalized EBITDA": 312707000.0,
        "Total Unusual Items": 18578000.0,
        "Total Unusual Items Excluding Goodwill": 18578000.0,
        "Net Income From Continuing Operation Net Minority Interest": 165459000.0,
        "Reconciled Depreciation": 114703000.0,
        "Reconciled Cost Of Revenue": 230007000.0,
        "EBITDA": 331285000.0,
        "EBIT": 216582000.0,
        "Net Interest Income": -11338000.0,
        "Interest Expense": 22042000.0,
        "Interest Income": 1360000.0,
        "Normalized Income": 149658150.292999,
        "Net Income From Continuing And Discontinued Operation": 165459000.0,
        "Total Expenses": 275083000.0,
        "Total Operating Income As Reported": 187300000.0,
        "Diluted Average Shares": 99557121.0,
        "Basic Average Shares": 95745288.0,
        "Diluted EPS": 1.662,
        "Basic EPS": 1.728,
        "Diluted NI Availto Com Stockholders": 165459000.0,
        "Net Income Common Stockholders": 165459000.0,
        "Net Income": 165459000.0,
        "Net Income Including Noncontrolling Interests": 165459000.0,
        "Net Income Continuous Operations": 165459000.0,
        "Tax Provision": 29081000.0,
        "Pretax Income": 194540000.0,
        "Other Income Expense": 18578000.0,
        "Other Non Operating Income Expenses": NaN,
        "Special Income Charges": 0.0,
        "Gain On Sale Of Ppe": 0.0,
        "Restructuring And Mergern Acquisition": 0.0,
        "Gain On Sale Of Security": 18578000.0,
        "Net Non Operating Interest Income Expense": -11338000.0,
        "Total Other Finance Cost": -9344000.0,
        "Interest Expense Non Operating": 22042000.0,
        "Interest Income Non Operating": 1360000.0,
        "Operating Income": 187300000.0,
        "Operating Expense": 45076000.0,
        "Other Operating Expenses": -20999000.0,
        "Other Taxes": 9842000.0,
        "Provision For Doubtful Accounts": NaN,
        "Selling General And Administration": 56233000.0,
        "Selling And Marketing Expense": 27862000.0,
        "General And Administrative Expense": 28371000.0,
        "Other Gand A": 4188000.0,
        "Salaries And Wages": 24183000.0,
        "Gross Profit": 232376000.0,
        "Cost Of Revenue": 230007000.0,
        "Total Revenue": 462383000.0,
        "Operating Revenue": 462383000.0
    }
}