{
    "2023-03-31": {
        "Tax Effect Of Unusual Items": 0.0,
        "Tax Rate For Calcs": 0.26,
        "Normalized EBITDA": 12297000.0,
        "Net Income From Continuing Operation Net Minority Interest": 7150000.0,
        "Reconciled Depreciation": 2486000.0,
        "Reconciled Cost Of Revenue": 76504000.0,
        "EBITDA": 12297000.0,
        "EBIT": 9811000.0,
        "Net Interest Income": 201000.0,
        "Interest Expense": 139000.0,
        "Interest Income": 340000.0,
        "Normalized Income": 7150000.0,
        "Net Income From Continuing And Discontinued Operation": 7150000.0,
        "Total Expenses": 108276000.0,
        "Total Operating Income As Reported": 10896000.0,
        "Diluted NI Availto Com Stockholders": 7150000.0,
        "Net Income Common Stockholders": 7150000.0,
        "Net Income": 7150000.0,
        "Minority Interests": 0.0,
        "Net Income Including Noncontrolling Interests": 7150000.0,
        "Net Income Continuous Operations": 7150000.0,
        "Tax Provision": 2522000.0,
        "Pretax Income": 9672000.0,
        "Other Income Expense": -1425000.0,
        "Other Non Operating Income Expenses": -1425000.0,
        "Net Non Operating Interest Income Expense": 201000.0,
        "Interest Expense Non Operating": 139000.0,
        "Interest Income Non Operating": 340000.0,
        "Operating Income": 10896000.0,
        "Operating Expense": 31772000.0,
        "Selling General And Administration": 31772000.0,
        "Selling And Marketing Expense": 7826000.0,
        "General And Administrative Expense": 23946000.0,
        "Other Gand A": 23946000.0,
        "Gross Profit": 42668000.0,
        "Cost Of Revenue": 76504000.0,
        "Total Revenue": 119172000.0,
        "Operating Revenue": 119172000.0
    },
    "2022-12-31": {
        "Tax Effect Of Unusual Items": 0.0,
        "Tax Rate For Calcs": 0.21,
        "Normalized EBITDA": 6043000.0,
        "Net Income From Continuing Operation Net Minority Interest": 1865000.0,
        "Reconciled Depreciation": 2258000.0,
        "Reconciled Cost Of Revenue": 76768000.0,
        "EBITDA": 6043000.0,
        "EBIT": 3785000.0,
        "Net Interest Income": 905000.0,
        "Interest Expense": 87000.0,
        "Interest Income": NaN,
        "Normalized Income": 1865000.0,
        "Net Income From Continuing And Discontinued Operation": 1865000.0,
        "Total Expenses": 106636000.0,
        "Total Operating Income As Reported": 3445000.0,
        "Diluted NI Availto Com Stockholders": 1865000.0,
        "Net Income Common Stockholders": 1865000.0,
        "Net Income": 1865000.0,
        "Minority Interests": 0.0,
        "Net Income Including Noncontrolling Interests": 1865000.0,
        "Net Income Continuous Operations": 1865000.0,
        "Tax Provision": 1833000.0,
        "Pretax Income": 3698000.0,
        "Other Income Expense": -652000.0,
        "Other Non Operating Income Expenses": -652000.0,
        "Net Non Operating Interest Income Expense": 905000.0,
        "Interest Expense Non Operating": 87000.0,
        "Interest Income Non Operating": NaN,
        "Operating Income": 3445000.0,
        "Operating Expense": 29868000.0,
        "Selling General And Administration": 29868000.0,
        "Selling And Marketing Expense": 7825000.0,
        "General And Administrative Expense": 22043000.0,
        "Other Gand A": 22043000.0,
        "Gross Profit": 33313000.0,
        "Cost Of Revenue": 76768000.0,
        "Total Revenue": 110081000.0,
        "Operating Revenue": 110081000.0
    },
    "2022-09-30": {
        "Tax Effect Of Unusual Items": 0.0,
        "Tax Rate For Calcs": 0.4,
        "Normalized EBITDA": 4095000.0,
        "Net Income From Continuing Operation Net Minority Interest": 723000.0,
        "Reconciled Depreciation": 1907000.0,
        "Reconciled Cost Of Revenue": 62549000.0,
        "EBITDA": 4095000.0,
        "EBIT": 2188000.0,
        "Net Interest Income": -12000.0,
        "Interest Expense": 12000.0,
        "Interest Income": NaN,
        "Normalized Income": 723000.0,
        "Net Income From Continuing And Discontinued Operation": 723000.0,
        "Total Expenses": 90016000.0,
        "Total Operating Income As Reported": 2024000.0,
        "Diluted Average Shares": 42879818.0,
        "Basic Average Shares": 40695014.0,
        "Diluted EPS": 0.02,
        "Basic EPS": 0.02,
        "Diluted NI Availto Com Stockholders": 723000.0,
        "Net Income Common Stockholders": 723000.0,
        "Net Income": 723000.0,
        "Minority Interests": 12000.0,
        "Net Income Including Noncontrolling Interests": 711000.0,
        "Net Income Continuous Operations": 711000.0,
        "Tax Provision": 1465000.0,
        "Pretax Income": 2176000.0,
        "Other Income Expense": 164000.0,
        "Other Non Operating Income Expenses": 164000.0,
        "Net Non Operating Interest Income Expense": -12000.0,
        "Interest Expense Non Operating": 12000.0,
        "Interest Income Non Operating": NaN,
        "Operating Income": 2024000.0,
        "Operating Expense": 27467000.0,
        "Selling General And Administration": 27467000.0,
        "Selling And Marketing Expense": 6906000.0,
        "General And Administrative Expense": 20561000.0,
        "Other Gand A": 20561000.0,
        "Gross Profit": 29491000.0,
        "Cost Of Revenue": 62549000.0,
        "Total Revenue": 92040000.0,
        "Operating Revenue": 92040000.0
    },
    "2022-06-30": {
        "Tax Effect Of Unusual Items": 0.0,
        "Tax Rate For Calcs": 0.4,
        "Normalized EBITDA": 2634000.0,
        "Net Income From Continuing Operation Net Minority Interest": 199000.0,
        "Reconciled Depreciation": 1755000.0,
        "Reconciled Cost Of Revenue": 57931000.0,
        "EBITDA": 2634000.0,
        "EBIT": 879000.0,
        "Net Interest Income": -7000.0,
        "Interest Expense": 7000.0,
        "Interest Income": NaN,
        "Normalized Income": 199000.0,
        "Net Income From Continuing And Discontinued Operation": 199000.0,
        "Total Expenses": 82149000.0,
        "Total Operating Income As Reported": 721000.0,
        "Diluted Average Shares": 42694767.0,
        "Basic Average Shares": 40628416.0,
        "Diluted EPS": 0.004661,
        "Basic EPS": 0.004898,
        "Diluted NI Availto Com Stockholders": 199000.0,
        "Net Income Common Stockholders": 199000.0,
        "Net Income": 199000.0,
        "Minority Interests": 7000.0,
        "Net Income Including Noncontrolling Interests": 192000.0,
        "Net Income Continuous Operations": 192000.0,
        "Tax Provision": 680000.0,
        "Pretax Income": 872000.0,
        "Other Income Expense": 158000.0,
        "Other Non Operating Income Expenses": 158000.0,
        "Net Non Operating Interest Income Expense": -7000.0,
        "Interest Expense Non Operating": 7000.0,
        "Interest Income Non Operating": NaN,
        "Operating Income": 721000.0,
        "Operating Expense": 24218000.0,
        "Selling General And Administration": 24218000.0,
        "Selling And Marketing Expense": 7211000.0,
        "General And Administrative Expense": 17007000.0,
        "Other Gand A": 17007000.0,
        "Gross Profit": 24939000.0,
        "Cost Of Revenue": 57931000.0,
        "Total Revenue": 82870000.0,
        "Operating Revenue": 82870000.0
    },
    "2023-06-30": {
        "Tax Effect Of Unusual Items": 0.0,
        "Tax Rate For Calcs": 0.16,
        "Normalized EBITDA": 10693000.0,
        "Net Income From Continuing Operation Net Minority Interest": 6683000.0,
        "Reconciled Depreciation": 2645000.0,
        "Reconciled Cost Of Revenue": 68645000.0,
        "EBITDA": 10693000.0,
        "EBIT": 8048000.0,
        "Net Interest Income": 314000.0,
        "Interest Expense": 136000.0,
        "Interest Income": 450000.0,
        "Normalized Income": 6683000.0,
        "Net Income From Continuing And Discontinued Operation": 6683000.0,
        "Total Expenses": 98406000.0,
        "Total Operating Income As Reported": 8039000.0,
        "Diluted NI Availto Com Stockholders": 6683000.0,
        "Net Income Common Stockholders": 6683000.0,
        "Net Income": 6683000.0,
        "Minority Interests": 0.0,
        "Net Income Including Noncontrolling Interests": 6683000.0,
        "Net Income Continuous Operations": 6683000.0,
        "Tax Provision": 1229000.0,
        "Pretax Income": 7912000.0,
        "Other Income Expense": -441000.0,
        "Other Non Operating Income Expenses": -441000.0,
        "Net Non Operating Interest Income Expense": 314000.0,
        "Interest Expense Non Operating": 136000.0,
        "Interest Income Non Operating": 450000.0,
        "Operating Income": 8039000.0,
        "Operating Expense": 29761000.0,
        "Selling General And Administration": 29761000.0,
        "Selling And Marketing Expense": 5853000.0,
        "General And Administrative Expense": 23908000.0,
        "Other Gand A": 23908000.0,
        "Gross Profit": 37800000.0,
        "Cost Of Revenue": 68645000.0,
        "Total Revenue": 106445000.0,
        "Operating Revenue": 106445000.0
    },
    "2022-03-31": {
        "Diluted EPS": -0.04,
        "Total Revenue": 77,
        "Gross Profit": 22,
        "Operating Income": -4,
        "EBIT": -2,
        "Net Income": -2
    },
    "2021-12-31": {
        "Diluted EPS": -0.08,
        "Total Revenue": 77,
        "Gross Profit": 20,
        "Operating Income": -4,
        "EBIT": -3,
        "Net Income": -4
    },
    "2021-09-30": {
        "Diluted EPS": -0.03,
        "Total Revenue": 65,
        "Gross Profit": 20,
        "Operating Income": -2,
        "EBIT": -1,
        "Net Income": -1
    },
    "2021-06-30": {
        "Diluted EPS": 0.09,
        "Total Revenue": 60,
        "Gross Profit": 22,
        "Operating Income": 3,
        "EBIT": 4,
        "Net Income": 4
    },
    "2021-03-31": {
        "Diluted EPS": 0.08,
        "Total Revenue": 59,
        "Gross Profit": 21,
        "Operating Income": 3,
        "EBIT": 4,
        "Net Income": 3
    },
    "2020-12-31": {
        "Diluted EPS": 0.02,
        "Total Revenue": 54,
        "Gross Profit": 18,
        "Operating Income": -2,
        "EBIT": -1,
        "Net Income": -1
    },
    "2020-09-30": {
        "Diluted EPS": 0.04,
        "Total Revenue": 53,
        "Gross Profit": 18,
        "Operating Income": 2,
        "EBIT": 3,
        "Net Income": 2
    },
    "2020-06-30": {
        "Diluted EPS": 0.16,
        "Total Revenue": 59,
        "Gross Profit": 23,
        "Operating Income": 9,
        "EBIT": 10,
        "Net Income": 6
    },
    "2020-03-31": {
        "Diluted EPS": 0.05,
        "Total Revenue": 48,
        "Gross Profit": 16,
        "Operating Income": 3,
        "EBIT": 3,
        "Net Income": 2
    },
    "2019-12-31": {
        "Diluted EPS": 0.0,
        "Total Revenue": NaN,
        "Gross Profit": NaN,
        "Operating Income": NaN,
        "EBIT": NaN,
        "Net Income": NaN
    },
    "2019-09-30": {
        "Diluted EPS": 0.02,
        "Total Revenue": 34,
        "Gross Profit": 11,
        "Operating Income": 1,
        "EBIT": 2,
        "Net Income": 1
    },
    "2019-06-30": {
        "Diluted EPS": 0.08,
        "Total Revenue": 32,
        "Gross Profit": 11,
        "Operating Income": 4,
        "EBIT": 4,
        "Net Income": 3
    },
    "2018-12-31": {
        "Diluted EPS": 0.0,
        "Total Revenue": NaN,
        "Gross Profit": NaN,
        "Operating Income": NaN,
        "EBIT": NaN,
        "Net Income": NaN
    },
    "2023-09-30": {
        "Tax Effect Of Unusual Items": 0.0,
        "Tax Rate For Calcs": 0.105419,
        "Normalized EBITDA": 8545000.0,
        "Net Income From Continuing Operation Net Minority Interest": 4523000.0,
        "Reconciled Depreciation": 3251000.0,
        "Reconciled Cost Of Revenue": 73764000.0,
        "EBITDA": 8545000.0,
        "EBIT": 5294000.0,
        "Net Interest Income": 469000.0,
        "Interest Expense": 238000.0,
        "Interest Income": 707000.0,
        "Normalized Income": 4523000.0,
        "Net Income From Continuing And Discontinued Operation": 4523000.0,
        "Total Expenses": 105200000.0,
        "Total Operating Income As Reported": 5229000.0,
        "Diluted NI Availto Com Stockholders": 4523000.0,
        "Net Income Common Stockholders": 4523000.0,
        "Net Income": 4523000.0,
        "Minority Interests": 0.0,
        "Net Income Including Noncontrolling Interests": 4523000.0,
        "Net Income Continuous Operations": 4523000.0,
        "Tax Provision": 533000.0,
        "Pretax Income": 5056000.0,
        "Other Income Expense": -642000.0,
        "Other Non Operating Income Expenses": -642000.0,
        "Net Non Operating Interest Income Expense": 469000.0,
        "Interest Expense Non Operating": 238000.0,
        "Interest Income Non Operating": 707000.0,
        "Operating Income": 5229000.0,
        "Operating Expense": 31436000.0,
        "Selling General And Administration": 31436000.0,
        "Selling And Marketing Expense": 6355000.0,
        "General And Administrative Expense": 25081000.0,
        "Other Gand A": 25081000.0,
        "Gross Profit": 36665000.0,
        "Cost Of Revenue": 73764000.0,
        "Total Revenue": 110429000.0,
        "Operating Revenue": 110429000.0
    }
}