{
    "2023-04-30": {
        "Tax Effect Of Unusual Items": 0.0,
        "Tax Rate For Calcs": 0.316,
        "Normalized EBITDA": 26026000.0,
        "Net Income From Continuing Operation Net Minority Interest": 11017000.0,
        "Reconciled Depreciation": 8831000.0,
        "Reconciled Cost Of Revenue": 377632000.0,
        "EBITDA": 26026000.0,
        "EBIT": 17195000.0,
        "Net Interest Income": 2066000.0,
        "Interest Expense": 1085000.0,
        "Interest Income": 3151000.0,
        "Normalized Income": 11017000.0,
        "Net Income From Continuing And Discontinued Operation": 11017000.0,
        "Total Expenses": 515250000.0,
        "Total Operating Income As Reported": 14044000.0,
        "Diluted Average Shares": 14157000.0,
        "Basic Average Shares": 14157000.0,
        "Diluted EPS": 0.75,
        "Basic EPS": 0.84,
        "Diluted NI Availto Com Stockholders": 10647000.0,
        "Average Dilution Earnings": 2336000.0,
        "Net Income Common Stockholders": 8311000.0,
        "Otherunder Preferred Stock Dividend": 2706000.0,
        "Net Income": 11017000.0,
        "Net Income Including Noncontrolling Interests": 11017000.0,
        "Net Income Continuous Operations": 11017000.0,
        "Tax Provision": 5093000.0,
        "Pretax Income": 16110000.0,
        "Net Non Operating Interest Income Expense": 2066000.0,
        "Interest Expense Non Operating": 1085000.0,
        "Interest Income Non Operating": 3151000.0,
        "Operating Income": 14044000.0,
        "Operating Expense": 137179000.0,
        "Depreciation Amortization Depletion Income Statement": 8392000.0,
        "Depreciation And Amortization In Income Statement": 8392000.0,
        "Selling General And Administration": 128787000.0,
        "General And Administrative Expense": 128787000.0,
        "Other Gand A": 128787000.0,
        "Gross Profit": 151223000.0,
        "Cost Of Revenue": 378071000.0,
        "Total Revenue": 529294000.0,
        "Operating Revenue": 529294000.0
    },
    "2023-01-31": {
        "Tax Effect Of Unusual Items": NaN,
        "Tax Rate For Calcs": NaN,
        "Normalized EBITDA": NaN,
        "Net Income From Continuing Operation Net Minority Interest": NaN,
        "Reconciled Depreciation": NaN,
        "Reconciled Cost Of Revenue": NaN,
        "EBITDA": NaN,
        "EBIT": NaN,
        "Net Interest Income": NaN,
        "Interest Expense": NaN,
        "Interest Income": NaN,
        "Normalized Income": NaN,
        "Net Income From Continuing And Discontinued Operation": NaN,
        "Total Expenses": NaN,
        "Total Operating Income As Reported": NaN,
        "Diluted Average Shares": NaN,
        "Basic Average Shares": NaN,
        "Diluted EPS": NaN,
        "Basic EPS": NaN,
        "Diluted NI Availto Com Stockholders": NaN,
        "Average Dilution Earnings": 2642000.0,
        "Net Income Common Stockholders": NaN,
        "Otherunder Preferred Stock Dividend": 2981000.0,
        "Net Income": NaN,
        "Net Income Including Noncontrolling Interests": NaN,
        "Net Income Continuous Operations": NaN,
        "Tax Provision": NaN,
        "Pretax Income": NaN,
        "Net Non Operating Interest Income Expense": NaN,
        "Interest Expense Non Operating": NaN,
        "Interest Income Non Operating": NaN,
        "Operating Income": NaN,
        "Operating Expense": NaN,
        "Depreciation Amortization Depletion Income Statement": NaN,
        "Depreciation And Amortization In Income Statement": NaN,
        "Selling General And Administration": NaN,
        "General And Administrative Expense": NaN,
        "Other Gand A": NaN,
        "Gross Profit": NaN,
        "Cost Of Revenue": NaN,
        "Total Revenue": NaN,
        "Operating Revenue": NaN
    },
    "2022-10-31": {
        "Tax Effect Of Unusual Items": NaN,
        "Tax Rate For Calcs": NaN,
        "Normalized EBITDA": NaN,
        "Net Income From Continuing Operation Net Minority Interest": NaN,
        "Reconciled Depreciation": NaN,
        "Reconciled Cost Of Revenue": NaN,
        "EBITDA": NaN,
        "EBIT": NaN,
        "Net Interest Income": NaN,
        "Interest Expense": NaN,
        "Interest Income": NaN,
        "Normalized Income": NaN,
        "Net Income From Continuing And Discontinued Operation": NaN,
        "Total Expenses": NaN,
        "Total Operating Income As Reported": NaN,
        "Diluted Average Shares": NaN,
        "Basic Average Shares": NaN,
        "Diluted EPS": NaN,
        "Basic EPS": NaN,
        "Diluted NI Availto Com Stockholders": NaN,
        "Average Dilution Earnings": NaN,
        "Net Income Common Stockholders": NaN,
        "Otherunder Preferred Stock Dividend": 304000.0,
        "Net Income": NaN,
        "Net Income Including Noncontrolling Interests": NaN,
        "Net Income Continuous Operations": NaN,
        "Tax Provision": NaN,
        "Pretax Income": NaN,
        "Net Non Operating Interest Income Expense": NaN,
        "Interest Expense Non Operating": NaN,
        "Interest Income Non Operating": NaN,
        "Operating Income": NaN,
        "Operating Expense": NaN,
        "Depreciation Amortization Depletion Income Statement": NaN,
        "Depreciation And Amortization In Income Statement": NaN,
        "Selling General And Administration": NaN,
        "General And Administrative Expense": NaN,
        "Other Gand A": NaN,
        "Gross Profit": NaN,
        "Cost Of Revenue": NaN,
        "Total Revenue": NaN,
        "Operating Revenue": NaN
    },
    "2022-07-31": {
        "Tax Effect Of Unusual Items": 0.0,
        "Tax Rate For Calcs": 0.308,
        "Normalized EBITDA": 27401000.0,
        "Total Unusual Items": 0.0,
        "Total Unusual Items Excluding Goodwill": 0.0,
        "Net Income From Continuing Operation Net Minority Interest": 12603000.0,
        "Reconciled Depreciation": 8197000.0,
        "Reconciled Cost Of Revenue": 379218000.0,
        "EBITDA": 27401000.0,
        "EBIT": 19204000.0,
        "Net Interest Income": 208000.0,
        "Interest Expense": 984000.0,
        "Interest Income": 1192000.0,
        "Normalized Income": 12603000.0,
        "Net Income From Continuing And Discontinued Operation": 12603000.0,
        "Total Expenses": 509491000.0,
        "Total Operating Income As Reported": 18012000.0,
        "Diluted Average Shares": 14513000.0,
        "Basic Average Shares": 14513000.0,
        "Diluted EPS": 0.87,
        "Basic EPS": 0.97,
        "Diluted NI Availto Com Stockholders": 12603000.0,
        "Net Income Common Stockholders": 12603000.0,
        "Otherunder Preferred Stock Dividend": NaN,
        "Net Income": 12603000.0,
        "Net Income Including Noncontrolling Interests": 12603000.0,
        "Net Income Continuous Operations": 12603000.0,
        "Tax Provision": 5617000.0,
        "Pretax Income": 18220000.0,
        "Special Income Charges": 0.0,
        "Write Off": 0.0,
        "Net Non Operating Interest Income Expense": 208000.0,
        "Interest Expense Non Operating": 984000.0,
        "Interest Income Non Operating": 1192000.0,
        "Operating Income": 18012000.0,
        "Operating Expense": 130273000.0,
        "Depreciation Amortization Depletion Income Statement": 8197000.0,
        "Depreciation And Amortization In Income Statement": 8197000.0,
        "Selling General And Administration": 122076000.0,
        "General And Administrative Expense": 122076000.0,
        "Other Gand A": 122076000.0,
        "Gross Profit": 148285000.0,
        "Cost Of Revenue": 379218000.0,
        "Total Revenue": 527503000.0,
        "Operating Revenue": 527503000.0
    },
    "2022-04-30": {
        "Diluted EPS": -0.17,
        "Total Revenue": 502,
        "Gross Profit": 142,
        "Operating Income": -4,
        "EBIT": 4,
        "Net Income": -3
    },
    "2022-01-31": {
        "Diluted EPS": 0.53,
        "Total Revenue": 537,
        "Gross Profit": 150,
        "Operating Income": 15,
        "EBIT": 24,
        "Net Income": 10
    },
    "2021-10-31": {
        "Diluted EPS": 0.4,
        "Total Revenue": 494,
        "Gross Profit": 140,
        "Operating Income": 11,
        "EBIT": 19,
        "Net Income": 7
    },
    "2021-07-31": {
        "Diluted EPS": 0.48,
        "Total Revenue": 536,
        "Gross Profit": 152,
        "Operating Income": 14,
        "EBIT": 23,
        "Net Income": 9
    },
    "2021-04-30": {
        "Diluted EPS": 0.14,
        "Total Revenue": 481,
        "Gross Profit": 133,
        "Operating Income": 4,
        "EBIT": 13,
        "Net Income": 2
    },
    "2021-01-31": {
        "Diluted EPS": 0.25,
        "Total Revenue": 523,
        "Gross Profit": 142,
        "Operating Income": 7,
        "EBIT": 16,
        "Net Income": 5
    },
    "2020-10-31": {
        "Diluted EPS": 0.18,
        "Total Revenue": 490,
        "Gross Profit": 138,
        "Operating Income": 5,
        "EBIT": 14,
        "Net Income": 3
    },
    "2020-07-31": {
        "Diluted EPS": 0.5,
        "Total Revenue": 501,
        "Gross Profit": 145,
        "Operating Income": 10,
        "EBIT": 19,
        "Net Income": 9
    },
    "2020-04-30": {
        "Diluted EPS": 0.61,
        "Total Revenue": 458,
        "Gross Profit": 130,
        "Operating Income": 15,
        "EBIT": 23,
        "Net Income": 11
    },
    "2020-01-31": {
        "Diluted EPS": 0.11,
        "Total Revenue": 437,
        "Gross Profit": 118,
        "Operating Income": 2,
        "EBIT": 10,
        "Net Income": 2
    },
    "2019-10-31": {
        "Diluted EPS": 0.14,
        "Total Revenue": 407,
        "Gross Profit": 114,
        "Operating Income": 3,
        "EBIT": 10,
        "Net Income": 3
    },
    "2019-07-31": {
        "Diluted EPS": 0.37,
        "Total Revenue": 418,
        "Gross Profit": 116,
        "Operating Income": 8,
        "EBIT": 15,
        "Net Income": 7
    },
    "2019-04-30": {
        "Diluted EPS": 0.27,
        "Total Revenue": 395,
        "Gross Profit": 111,
        "Operating Income": 7,
        "EBIT": 13,
        "Net Income": 5
    },
    "2019-01-31": {
        "Diluted EPS": 0.41,
        "Total Revenue": 428,
        "Gross Profit": 118,
        "Operating Income": 11,
        "EBIT": 18,
        "Net Income": 8
    },
    "2018-10-31": {
        "Diluted EPS": 0.34,
        "Total Revenue": 402,
        "Gross Profit": 112,
        "Operating Income": 9,
        "EBIT": 16,
        "Net Income": 6
    },
    "2018-07-31": {
        "Diluted EPS": 0.33,
        "Total Revenue": 414,
        "Gross Profit": 115,
        "Operating Income": 9,
        "EBIT": 16,
        "Net Income": 6
    },
    "2018-04-30": {
        "Diluted EPS": 0.36,
        "Total Revenue": 395,
        "Gross Profit": 110,
        "Operating Income": 9,
        "EBIT": 15,
        "Net Income": 7
    },
    "2018-01-31": {
        "Diluted EPS": 0.52,
        "Total Revenue": 418,
        "Gross Profit": 113,
        "Operating Income": 10,
        "EBIT": 16,
        "Net Income": 10
    },
    "2017-10-31": {
        "Diluted EPS": 0.16,
        "Total Revenue": 387,
        "Gross Profit": 105,
        "Operating Income": 5,
        "EBIT": 12,
        "Net Income": 3
    },
    "2017-07-31": {
        "Diluted EPS": 0.37,
        "Total Revenue": 411,
        "Gross Profit": 112,
        "Operating Income": 12,
        "EBIT": 18,
        "Net Income": 7
    },
    "2017-04-30": {
        "Diluted EPS": 0.33,
        "Total Revenue": 392,
        "Gross Profit": 108,
        "Operating Income": 11,
        "EBIT": 17,
        "Net Income": 6
    },
    "2017-01-31": {
        "Diluted EPS": 0.33,
        "Total Revenue": 412,
        "Gross Profit": 111,
        "Operating Income": 11,
        "EBIT": 17,
        "Net Income": 6
    },
    "2016-10-31": {
        "Diluted EPS": 0.22,
        "Total Revenue": 390,
        "Gross Profit": 105,
        "Operating Income": 7,
        "EBIT": 14,
        "Net Income": 4
    },
    "2016-07-31": {
        "Diluted EPS": 0.81,
        "Total Revenue": 437,
        "Gross Profit": 120,
        "Operating Income": 15,
        "EBIT": 21,
        "Net Income": 8
    },
    "2016-04-30": {
        "Diluted EPS": 0.32,
        "Total Revenue": 388,
        "Gross Profit": 107,
        "Operating Income": 10,
        "EBIT": 16,
        "Net Income": 6
    },
    "2016-01-31": {
        "Diluted EPS": 0.35,
        "Total Revenue": 420,
        "Gross Profit": 113,
        "Operating Income": 11,
        "EBIT": 17,
        "Net Income": 6
    },
    "2015-10-31": {
        "Diluted EPS": 0.32,
        "Total Revenue": 390,
        "Gross Profit": 105,
        "Operating Income": 8,
        "EBIT": 14,
        "Net Income": 4
    },
    "2015-07-31": {
        "Diluted EPS": 0.5,
        "Total Revenue": 406,
        "Gross Profit": 112,
        "Operating Income": 12,
        "EBIT": 18,
        "Net Income": 7
    },
    "2015-04-30": {
        "Diluted EPS": 0.95,
        "Total Revenue": 387,
        "Gross Profit": 107,
        "Operating Income": 11,
        "EBIT": 16,
        "Net Income": 13
    },
    "2015-01-31": {
        "Diluted EPS": 0.48,
        "Total Revenue": 411,
        "Gross Profit": 111,
        "Operating Income": 13,
        "EBIT": 19,
        "Net Income": 7
    },
    "2014-10-31": {
        "Diluted EPS": 0.28,
        "Total Revenue": 380,
        "Gross Profit": 103,
        "Operating Income": 8,
        "EBIT": 14,
        "Net Income": 4
    },
    "2014-07-31": {
        "Diluted EPS": 0.43,
        "Total Revenue": 397,
        "Gross Profit": 109,
        "Operating Income": 11,
        "EBIT": 18,
        "Net Income": 6
    },
    "2014-04-30": {
        "Diluted EPS": 0.23,
        "Total Revenue": 373,
        "Gross Profit": 100,
        "Operating Income": 6,
        "EBIT": 12,
        "Net Income": 3
    },
    "2014-01-31": {
        "Diluted EPS": 0.21,
        "Total Revenue": 392,
        "Gross Profit": 105,
        "Operating Income": 6,
        "EBIT": 11,
        "Net Income": 3
    },
    "2013-10-31": {
        "Diluted EPS": -0.5,
        "Total Revenue": 357,
        "Gross Profit": 94,
        "Operating Income": 6,
        "EBIT": 11,
        "Net Income": -7
    },
    "2013-07-31": {
        "Diluted EPS": 0.46,
        "Total Revenue": 376,
        "Gross Profit": 102,
        "Operating Income": 11,
        "EBIT": 16,
        "Net Income": 6
    },
    "2013-04-30": {
        "Diluted EPS": 0.34,
        "Total Revenue": 360,
        "Gross Profit": 97,
        "Operating Income": 8,
        "EBIT": 13,
        "Net Income": 5
    },
    "2013-01-31": {
        "Diluted EPS": 0.67,
        "Total Revenue": 382,
        "Gross Profit": 103,
        "Operating Income": 14,
        "EBIT": 19,
        "Net Income": 9
    },
    "2012-10-31": {
        "Diluted EPS": 0.43,
        "Total Revenue": 358,
        "Gross Profit": 96,
        "Operating Income": 10,
        "EBIT": 15,
        "Net Income": 6
    },
    "2012-07-31": {
        "Diluted EPS": 0.67,
        "Total Revenue": 370,
        "Gross Profit": 101,
        "Operating Income": 15,
        "EBIT": 21,
        "Net Income": 9
    },
    "2012-04-30": {
        "Diluted EPS": 0.48,
        "Total Revenue": 347,
        "Gross Profit": 95,
        "Operating Income": 12,
        "EBIT": 17,
        "Net Income": 7
    },
    "2012-01-31": {
        "Diluted EPS": 0.68,
        "Total Revenue": 363,
        "Gross Profit": 100,
        "Operating Income": 16,
        "EBIT": 21,
        "Net Income": 9
    },
    "2011-10-31": {
        "Diluted EPS": 0.5,
        "Total Revenue": 343,
        "Gross Profit": 93,
        "Operating Income": 12,
        "EBIT": 17,
        "Net Income": 7
    },
    "2011-07-31": {
        "Diluted EPS": 0.65,
        "Total Revenue": 345,
        "Gross Profit": 94,
        "Operating Income": 16,
        "EBIT": 21,
        "Net Income": 9
    },
    "2011-04-30": {
        "Diluted EPS": 0.12,
        "Total Revenue": 317,
        "Gross Profit": 86,
        "Operating Income": 3,
        "EBIT": 8,
        "Net Income": 2
    },
    "2011-01-31": {
        "Diluted EPS": 0.5,
        "Total Revenue": 330,
        "Gross Profit": 89,
        "Operating Income": 12,
        "EBIT": 17,
        "Net Income": 7
    },
    "2010-10-31": {
        "Diluted EPS": 0.3,
        "Total Revenue": 307,
        "Gross Profit": 81,
        "Operating Income": 7,
        "EBIT": 12,
        "Net Income": 4
    },
    "2010-07-31": {
        "Diluted EPS": 0.68,
        "Total Revenue": 343,
        "Gross Profit": 94,
        "Operating Income": 16,
        "EBIT": 20,
        "Net Income": 9
    },
    "2010-04-30": {
        "Diluted EPS": 0.39,
        "Total Revenue": 301,
        "Gross Profit": 82,
        "Operating Income": 9,
        "EBIT": 14,
        "Net Income": 5
    },
    "2010-01-31": {
        "Diluted EPS": 0.51,
        "Total Revenue": 315,
        "Gross Profit": 86,
        "Operating Income": 12,
        "EBIT": 16,
        "Net Income": 7
    },
    "2009-10-31": {
        "Diluted EPS": 0.34,
        "Total Revenue": 303,
        "Gross Profit": 81,
        "Operating Income": 8,
        "EBIT": 12,
        "Net Income": 5
    },
    "2009-07-31": {
        "Diluted EPS": 0.51,
        "Total Revenue": 311,
        "Gross Profit": 86,
        "Operating Income": 12,
        "EBIT": 16,
        "Net Income": 7
    },
    "2009-04-30": {
        "Diluted EPS": 0.47,
        "Total Revenue": 293,
        "Gross Profit": 80,
        "Operating Income": 11,
        "EBIT": 15,
        "Net Income": 6
    },
    "2009-01-31": {
        "Diluted EPS": 0.6,
        "Total Revenue": 313,
        "Gross Profit": 85,
        "Operating Income": 14,
        "EBIT": 18,
        "Net Income": 8
    },
    "2023-07-31": {
        "Tax Effect Of Unusual Items": 0.0,
        "Tax Rate For Calcs": 0.327026,
        "Normalized EBITDA": 32663000.0,
        "Net Income From Continuing Operation Net Minority Interest": 15294000.0,
        "Reconciled Depreciation": 8854000.0,
        "Reconciled Cost Of Revenue": 392294000.0,
        "EBITDA": 32663000.0,
        "EBIT": 23809000.0,
        "Net Interest Income": 2518000.0,
        "Interest Expense": 1083000.0,
        "Interest Income": 3601000.0,
        "Normalized Income": 15294000.0,
        "Net Income From Continuing And Discontinued Operation": 15294000.0,
        "Total Expenses": 533598000.0,
        "Total Operating Income As Reported": 20208000.0,
        "Diluted Average Shares": 14850485.0,
        "Basic Average Shares": 13300870.0,
        "Diluted EPS": 1.03,
        "Basic EPS": 1.15,
        "Diluted NI Availto Com Stockholders": 14719000.0,
        "Average Dilution Earnings": NaN,
        "Net Income Common Stockholders": 16308000.0,
        "Otherunder Preferred Stock Dividend": NaN,
        "Net Income": 15294000.0,
        "Net Income Including Noncontrolling Interests": 15294000.0,
        "Net Income Continuous Operations": 15294000.0,
        "Tax Provision": 7432000.0,
        "Pretax Income": 22726000.0,
        "Net Non Operating Interest Income Expense": 2518000.0,
        "Interest Expense Non Operating": 1083000.0,
        "Interest Income Non Operating": 3601000.0,
        "Operating Income": 20208000.0,
        "Operating Expense": 140855000.0,
        "Depreciation Amortization Depletion Income Statement": 8405000.0,
        "Depreciation And Amortization In Income Statement": 8405000.0,
        "Selling General And Administration": 132450000.0,
        "General And Administrative Expense": 132450000.0,
        "Other Gand A": 132450000.0,
        "Gross Profit": 161063000.0,
        "Cost Of Revenue": 392743000.0,
        "Total Revenue": 553806000.0,
        "Operating Revenue": 553806000.0
    },
    "2023-10-31": {
        "Tax Effect Of Unusual Items": 0.0,
        "Tax Rate For Calcs": 0.315,
        "Normalized EBITDA": 26942000.0,
        "Net Income From Continuing Operation Net Minority Interest": 11585000.0,
        "Reconciled Depreciation": 8967000.0,
        "Reconciled Cost Of Revenue": 382945000.0,
        "EBITDA": 26942000.0,
        "EBIT": 17975000.0,
        "Net Interest Income": 2761000.0,
        "Interest Expense": 1064000.0,
        "Interest Income": 3825000.0,
        "Normalized Income": 11585000.0,
        "Net Income From Continuing And Discontinued Operation": 11585000.0,
        "Total Expenses": 522204000.0,
        "Total Operating Income As Reported": 14150000.0,
        "Diluted Average Shares": 14350000.0,
        "Basic Average Shares": 10146000.0,
        "Diluted EPS": 0.78,
        "Basic EPS": 0.87,
        "Diluted NI Availto Com Stockholders": 11145000.0,
        "Average Dilution Earnings": NaN,
        "Net Income Common Stockholders": 11145000.0,
        "Otherunder Preferred Stock Dividend": 440000.0,
        "Net Income": 11585000.0,
        "Net Income Including Noncontrolling Interests": 11585000.0,
        "Net Income Continuous Operations": 11585000.0,
        "Tax Provision": 5326000.0,
        "Pretax Income": 16911000.0,
        "Net Non Operating Interest Income Expense": 2761000.0,
        "Interest Expense Non Operating": 1064000.0,
        "Interest Income Non Operating": 3825000.0,
        "Operating Income": 14150000.0,
        "Operating Expense": 138798000.0,
        "Depreciation Amortization Depletion Income Statement": 8506000.0,
        "Depreciation And Amortization In Income Statement": 8506000.0,
        "Selling General And Administration": 130292000.0,
        "General And Administrative Expense": 130292000.0,
        "Other Gand A": 130292000.0,
        "Gross Profit": 152948000.0,
        "Cost Of Revenue": 383406000.0,
        "Total Revenue": 536354000.0,
        "Operating Revenue": 536354000.0
    },
    "2024-01-31": {
        "Tax Effect Of Unusual Items": 0.0,
        "Tax Rate For Calcs": 0.315,
        "Normalized EBITDA": 31180000.0,
        "Net Income From Continuing Operation Net Minority Interest": 14480000.0,
        "Reconciled Depreciation": 8995000.0,
        "Reconciled Cost Of Revenue": 411665000.0,
        "EBITDA": 31180000.0,
        "EBIT": 22185000.0,
        "Net Interest Income": 2697000.0,
        "Interest Expense": 1046000.0,
        "Interest Income": 3743000.0,
        "Normalized Income": 14480000.0,
        "Net Income From Continuing And Discontinued Operation": 14480000.0,
        "Total Expenses": 557137000.0,
        "Total Operating Income As Reported": 18442000.0,
        "Diluted Average Shares": 14303000.0,
        "Basic Average Shares": 10099000.0,
        "Diluted EPS": 0.97,
        "Basic EPS": 1.09,
        "Diluted NI Availto Com Stockholders": 13938000.0,
        "Average Dilution Earnings": 2966000.0,
        "Net Income Common Stockholders": 10972000.0,
        "Otherunder Preferred Stock Dividend": 3508000.0,
        "Net Income": 14480000.0,
        "Net Income Including Noncontrolling Interests": 14480000.0,
        "Net Income Continuous Operations": 14480000.0,
        "Tax Provision": 6659000.0,
        "Pretax Income": 21139000.0,
        "Net Non Operating Interest Income Expense": 2697000.0,
        "Interest Expense Non Operating": 1046000.0,
        "Interest Income Non Operating": 3743000.0,
        "Operating Income": 18442000.0,
        "Operating Expense": 145000000.0,
        "Depreciation Amortization Depletion Income Statement": 8523000.0,
        "Depreciation And Amortization In Income Statement": 8523000.0,
        "Selling General And Administration": 136477000.0,
        "General And Administrative Expense": 136477000.0,
        "Other Gand A": 136477000.0,
        "Gross Profit": 163442000.0,
        "Cost Of Revenue": 412137000.0,
        "Total Revenue": 575579000.0,
        "Operating Revenue": 575579000.0
    },
    "2024-04-30": {
        "Tax Effect Of Unusual Items": 0.0,
        "Tax Rate For Calcs": 0.301,
        "Normalized EBITDA": 22442000.0,
        "Net Income From Continuing Operation Net Minority Interest": 8966000.0,
        "Reconciled Depreciation": 8604000.0,
        "Reconciled Cost Of Revenue": 389938000.0,
        "EBITDA": 22442000.0,
        "EBIT": 13838000.0,
        "Net Interest Income": 2619000.0,
        "Interest Expense": 1015000.0,
        "Interest Income": 3634000.0,
        "Normalized Income": 8966000.0,
        "Net Income From Continuing And Discontinued Operation": 8966000.0,
        "Total Expenses": 536192000.0,
        "Total Operating Income As Reported": 10204000.0,
        "Diluted Average Shares": 14296000.0,
        "Basic Average Shares": 14296000.0,
        "Diluted EPS": 0.6,
        "Basic EPS": 0.67,
        "Diluted NI Availto Com Stockholders": 8636000.0,
        "Average Dilution Earnings": 1838000.0,
        "Net Income Common Stockholders": 6798000.0,
        "Otherunder Preferred Stock Dividend": 2168000.0,
        "Net Income": 8966000.0,
        "Net Income Including Noncontrolling Interests": 8966000.0,
        "Net Income Continuous Operations": 8966000.0,
        "Tax Provision": 3857000.0,
        "Pretax Income": 12823000.0,
        "Net Non Operating Interest Income Expense": 2619000.0,
        "Interest Expense Non Operating": 1015000.0,
        "Interest Income Non Operating": 3634000.0,
        "Operating Income": 10204000.0,
        "Operating Expense": 145728000.0,
        "Depreciation Amortization Depletion Income Statement": 8078000.0,
        "Depreciation And Amortization In Income Statement": 8078000.0,
        "Selling General And Administration": 137650000.0,
        "General And Administrative Expense": 137650000.0,
        "Other Gand A": 137650000.0,
        "Gross Profit": 155932000.0,
        "Cost Of Revenue": 390464000.0,
        "Total Revenue": 546396000.0,
        "Operating Revenue": 546396000.0
    }
}