{
    "2023-03-31": {
        "Tax Effect Of Unusual Items": 346610.0,
        "Tax Rate For Calcs": 0.23,
        "Normalized EBITDA": -8187000.0,
        "Total Unusual Items": 1507000.0,
        "Total Unusual Items Excluding Goodwill": 1507000.0,
        "Net Income From Continuing Operation Net Minority Interest": -5377000.0,
        "Reconciled Depreciation": 379000.0,
        "Reconciled Cost Of Revenue": 8087000.0,
        "EBITDA": -6680000.0,
        "EBIT": -7059000.0,
        "Net Interest Income": 191000.0,
        "Interest Expense": NaN,
        "Interest Income": NaN,
        "Normalized Income": -6537390.0,
        "Net Income From Continuing And Discontinued Operation": -5377000.0,
        "Total Expenses": 30939000.0,
        "Total Operating Income As Reported": -7059000.0,
        "Diluted NI Availto Com Stockholders": -5377000.0,
        "Net Income Common Stockholders": -5377000.0,
        "Net Income": -5377000.0,
        "Net Income Including Noncontrolling Interests": -5377000.0,
        "Net Income Continuous Operations": -5377000.0,
        "Earnings From Equity Interest Net Of Tax": 3000.0,
        "Tax Provision": 19000.0,
        "Pretax Income": -5361000.0,
        "Other Income Expense": 1507000.0,
        "Gain On Sale Of Security": 1507000.0,
        "Net Non Operating Interest Income Expense": 191000.0,
        "Total Other Finance Cost": -191000.0,
        "Interest Expense Non Operating": NaN,
        "Interest Income Non Operating": NaN,
        "Operating Income": -7059000.0,
        "Operating Expense": 22852000.0,
        "Research And Development": 13960000.0,
        "Selling General And Administration": 8892000.0,
        "Selling And Marketing Expense": 5060000.0,
        "General And Administrative Expense": 3832000.0,
        "Other Gand A": 3832000.0,
        "Gross Profit": 15793000.0,
        "Cost Of Revenue": 8087000.0,
        "Total Revenue": 23880000.0,
        "Operating Revenue": 23880000.0
    },
    "2022-12-31": {
        "Tax Effect Of Unusual Items": -1205660.0,
        "Tax Rate For Calcs": 0.23,
        "Normalized EBITDA": -2497000.0,
        "Total Unusual Items": -5242000.0,
        "Total Unusual Items Excluding Goodwill": -5242000.0,
        "Net Income From Continuing Operation Net Minority Interest": -7317000.0,
        "Reconciled Depreciation": 361000.0,
        "Reconciled Cost Of Revenue": 7443000.0,
        "EBITDA": -7739000.0,
        "EBIT": -8100000.0,
        "Net Interest Income": 6061000.0,
        "Interest Expense": NaN,
        "Interest Income": NaN,
        "Normalized Income": -3280660.0,
        "Net Income From Continuing And Discontinued Operation": -7317000.0,
        "Total Expenses": 31573000.0,
        "Total Operating Income As Reported": -8100000.0,
        "Diluted NI Availto Com Stockholders": -7317000.0,
        "Net Income Common Stockholders": -7317000.0,
        "Net Income": -7317000.0,
        "Net Income Including Noncontrolling Interests": -7317000.0,
        "Net Income Continuous Operations": -7317000.0,
        "Earnings From Equity Interest Net Of Tax": 5000.0,
        "Tax Provision": 41000.0,
        "Pretax Income": -7281000.0,
        "Other Income Expense": -5242000.0,
        "Gain On Sale Of Security": -5242000.0,
        "Net Non Operating Interest Income Expense": 6061000.0,
        "Total Other Finance Cost": -3763000.0,
        "Interest Expense Non Operating": NaN,
        "Interest Income Non Operating": NaN,
        "Operating Income": -8100000.0,
        "Operating Expense": 24130000.0,
        "Research And Development": 16462000.0,
        "Selling General And Administration": 7668000.0,
        "Selling And Marketing Expense": 4081000.0,
        "General And Administrative Expense": 3587000.0,
        "Other Gand A": 3587000.0,
        "Gross Profit": 16030000.0,
        "Cost Of Revenue": 7443000.0,
        "Total Revenue": 23473000.0,
        "Operating Revenue": 23473000.0
    },
    "2022-09-30": {
        "Tax Effect Of Unusual Items": -148000.0,
        "Tax Rate For Calcs": 0.4,
        "Normalized EBITDA": -4420000.0,
        "Total Unusual Items": -370000.0,
        "Total Unusual Items Excluding Goodwill": -370000.0,
        "Net Income From Continuing Operation Net Minority Interest": -5305000.0,
        "Reconciled Depreciation": 349000.0,
        "Reconciled Cost Of Revenue": 7005000.0,
        "EBITDA": -4790000.0,
        "EBIT": -5139000.0,
        "Net Interest Income": 221000.0,
        "Interest Expense": NaN,
        "Interest Income": NaN,
        "Normalized Income": -5083000.0,
        "Net Income From Continuing And Discontinued Operation": -5305000.0,
        "Total Expenses": 28280000.0,
        "Total Operating Income As Reported": -5139000.0,
        "Diluted Average Shares": 98058696.0,
        "Basic Average Shares": 98058696.0,
        "Diluted EPS": -0.05,
        "Basic EPS": -0.05,
        "Diluted NI Availto Com Stockholders": -5305000.0,
        "Net Income Common Stockholders": -5305000.0,
        "Net Income": -5305000.0,
        "Net Income Including Noncontrolling Interests": -5305000.0,
        "Net Income Continuous Operations": -5305000.0,
        "Earnings From Equity Interest Net Of Tax": 4000.0,
        "Tax Provision": 21000.0,
        "Pretax Income": -5288000.0,
        "Other Income Expense": -370000.0,
        "Gain On Sale Of Security": -370000.0,
        "Net Non Operating Interest Income Expense": 221000.0,
        "Total Other Finance Cost": -221000.0,
        "Interest Expense Non Operating": NaN,
        "Interest Income Non Operating": NaN,
        "Operating Income": -5139000.0,
        "Operating Expense": 21275000.0,
        "Research And Development": 12714000.0,
        "Selling General And Administration": 8561000.0,
        "Selling And Marketing Expense": 4196000.0,
        "General And Administrative Expense": 4365000.0,
        "Other Gand A": 4365000.0,
        "Gross Profit": 16136000.0,
        "Cost Of Revenue": 7005000.0,
        "Total Revenue": 23141000.0,
        "Operating Revenue": 23141000.0
    },
    "2022-06-30": {
        "Tax Effect Of Unusual Items": -806400.0,
        "Tax Rate For Calcs": 0.4,
        "Normalized EBITDA": -7387000.0,
        "Total Unusual Items": -2016000.0,
        "Total Unusual Items Excluding Goodwill": -2016000.0,
        "Net Income From Continuing Operation Net Minority Interest": -9995000.0,
        "Reconciled Depreciation": 347000.0,
        "Reconciled Cost Of Revenue": 6697000.0,
        "EBITDA": -9403000.0,
        "EBIT": -9750000.0,
        "Net Interest Income": -6000.0,
        "Interest Expense": 205000.0,
        "Interest Income": 199000.0,
        "Normalized Income": -8785400.0,
        "Net Income From Continuing And Discontinued Operation": -9995000.0,
        "Total Expenses": 30414000.0,
        "Total Operating Income As Reported": -7933000.0,
        "Diluted Average Shares": 97442359.0,
        "Basic Average Shares": 97442359.0,
        "Diluted EPS": -0.1,
        "Basic EPS": -0.1,
        "Diluted NI Availto Com Stockholders": -9995000.0,
        "Net Income Common Stockholders": -9995000.0,
        "Net Income": -9995000.0,
        "Net Income Including Noncontrolling Interests": -9995000.0,
        "Net Income Continuous Operations": -9995000.0,
        "Earnings From Equity Interest Net Of Tax": 3000.0,
        "Tax Provision": 43000.0,
        "Pretax Income": -9955000.0,
        "Other Income Expense": -2016000.0,
        "Other Non Operating Income Expenses": 1538000.0,
        "Gain On Sale Of Security": -2016000.0,
        "Net Non Operating Interest Income Expense": -6000.0,
        "Total Other Finance Cost": 3560000.0,
        "Interest Expense Non Operating": 205000.0,
        "Interest Income Non Operating": 199000.0,
        "Operating Income": -7933000.0,
        "Operating Expense": 23717000.0,
        "Research And Development": 14904000.0,
        "Selling General And Administration": 8813000.0,
        "Selling And Marketing Expense": 4473000.0,
        "General And Administrative Expense": 4340000.0,
        "Other Gand A": 4340000.0,
        "Gross Profit": 15784000.0,
        "Cost Of Revenue": 6697000.0,
        "Total Revenue": 22481000.0,
        "Operating Revenue": 22481000.0
    },
    "2022-03-31": {
        "Diluted EPS": -0.05,
        "Total Revenue": 22,
        "Gross Profit": 15,
        "Operating Income": -7,
        "EBIT": -7,
        "Net Income": -5
    },
    "2021-12-31": {
        "Diluted EPS": 1.4,
        "Total Revenue": 21,
        "Gross Profit": 15,
        "Operating Income": -9,
        "EBIT": -8,
        "Net Income": -16
    },
    "2021-09-30": {
        "Diluted EPS": -0.94,
        "Total Revenue": 19,
        "Gross Profit": 14,
        "Operating Income": -8,
        "EBIT": -8,
        "Net Income": -8
    },
    "2021-06-30": {
        "Diluted EPS": -0.68,
        "Total Revenue": 18,
        "Gross Profit": 12,
        "Operating Income": -4,
        "EBIT": -4,
        "Net Income": -7
    },
    "2021-03-31": {
        "Diluted EPS": -0.93,
        "Total Revenue": 13,
        "Gross Profit": 10,
        "Operating Income": -6,
        "EBIT": -6,
        "Net Income": -6
    },
    "2020-12-31": {
        "Diluted EPS": -3.13,
        "Total Revenue": NaN,
        "Gross Profit": NaN,
        "Operating Income": -79,
        "EBIT": -79,
        "Net Income": -19
    },
    "2020-09-30": {
        "Diluted EPS": -0.08,
        "Total Revenue": NaN,
        "Gross Profit": NaN,
        "Operating Income": 0,
        "EBIT": 0,
        "Net Income": 0
    },
    "2020-06-30": {
        "Diluted EPS": -0.04,
        "Total Revenue": NaN,
        "Gross Profit": NaN,
        "Operating Income": 0,
        "EBIT": 0,
        "Net Income": 0
    },
    "2020-03-31": {
        "Diluted EPS": 0.0,
        "Total Revenue": NaN,
        "Gross Profit": NaN,
        "Operating Income": 0,
        "EBIT": 0,
        "Net Income": 0
    },
    "2019-12-31": {
        "Diluted EPS": 0.0,
        "Total Revenue": NaN,
        "Gross Profit": NaN,
        "Operating Income": NaN,
        "EBIT": NaN,
        "Net Income": NaN
    },
    "2023-06-30": {
        "Tax Effect Of Unusual Items": -229770.0,
        "Tax Rate For Calcs": 0.23,
        "Normalized EBITDA": -3139000.0,
        "Total Unusual Items": -999000.0,
        "Total Unusual Items Excluding Goodwill": -999000.0,
        "Net Income From Continuing Operation Net Minority Interest": -4582000.0,
        "Reconciled Depreciation": 414000.0,
        "Reconciled Cost Of Revenue": 9241000.0,
        "EBITDA": -4138000.0,
        "EBIT": -4552000.0,
        "Net Interest Income": 1622000.0,
        "Interest Expense": 8000.0,
        "Interest Income": 1630000.0,
        "Normalized Income": -3812770.0,
        "Net Income From Continuing And Discontinued Operation": -4582000.0,
        "Total Expenses": 29358000.0,
        "Total Operating Income As Reported": -5183000.0,
        "Diluted NI Availto Com Stockholders": -4582000.0,
        "Net Income Common Stockholders": -4582000.0,
        "Net Income": -4582000.0,
        "Net Income Including Noncontrolling Interests": -4582000.0,
        "Net Income Continuous Operations": -4582000.0,
        "Earnings From Equity Interest Net Of Tax": 4000.0,
        "Tax Provision": 26000.0,
        "Pretax Income": -4560000.0,
        "Other Income Expense": -999000.0,
        "Gain On Sale Of Security": -999000.0,
        "Net Non Operating Interest Income Expense": 1622000.0,
        "Total Other Finance Cost": NaN,
        "Interest Expense Non Operating": 8000.0,
        "Interest Income Non Operating": 1630000.0,
        "Operating Income": -5183000.0,
        "Operating Expense": 20117000.0,
        "Research And Development": 12161000.0,
        "Selling General And Administration": 7956000.0,
        "Selling And Marketing Expense": 4255000.0,
        "General And Administrative Expense": 3701000.0,
        "Other Gand A": 3701000.0,
        "Gross Profit": 14934000.0,
        "Cost Of Revenue": 9241000.0,
        "Total Revenue": 24175000.0,
        "Operating Revenue": 24175000.0
    },
    "2023-09-30": {
        "Tax Effect Of Unusual Items": 20470.0,
        "Tax Rate For Calcs": 0.23,
        "Normalized EBITDA": -12628000.0,
        "Total Unusual Items": 89000.0,
        "Total Unusual Items Excluding Goodwill": 89000.0,
        "Net Income From Continuing Operation Net Minority Interest": -12492000.0,
        "Reconciled Depreciation": 400000.0,
        "Reconciled Cost Of Revenue": 5828000.0,
        "EBITDA": -12539000.0,
        "EBIT": -12939000.0,
        "Net Interest Income": 368000.0,
        "Interest Expense": NaN,
        "Interest Income": NaN,
        "Normalized Income": -12560530.0,
        "Net Income From Continuing And Discontinued Operation": -12492000.0,
        "Total Expenses": 27105000.0,
        "Total Operating Income As Reported": -12939000.0,
        "Diluted NI Availto Com Stockholders": -12492000.0,
        "Net Income Common Stockholders": -12492000.0,
        "Net Income": -12492000.0,
        "Net Income Including Noncontrolling Interests": -12492000.0,
        "Net Income Continuous Operations": -12492000.0,
        "Earnings From Equity Interest Net Of Tax": 6000.0,
        "Tax Provision": 16000.0,
        "Pretax Income": -12482000.0,
        "Other Income Expense": 89000.0,
        "Gain On Sale Of Security": 89000.0,
        "Net Non Operating Interest Income Expense": 368000.0,
        "Total Other Finance Cost": -368000.0,
        "Interest Expense Non Operating": NaN,
        "Interest Income Non Operating": NaN,
        "Operating Income": -12939000.0,
        "Operating Expense": 21277000.0,
        "Research And Development": 13419000.0,
        "Selling General And Administration": 7858000.0,
        "Selling And Marketing Expense": 4015000.0,
        "General And Administrative Expense": 3843000.0,
        "Other Gand A": 3843000.0,
        "Gross Profit": 8338000.0,
        "Cost Of Revenue": 5828000.0,
        "Total Revenue": 14166000.0,
        "Operating Revenue": 14166000.0
    }
}