{
    "2023-09-30": {
        "Tax Effect Of Unusual Items": 0.0,
        "Tax Rate For Calcs": 0.235075,
        "Normalized EBITDA": 294000000.0,
        "Net Income From Continuing Operation Net Minority Interest": 205000000.0,
        "Reconciled Depreciation": 21000000.0,
        "Reconciled Cost Of Revenue": 532000000.0,
        "EBITDA": 294000000.0,
        "EBIT": 273000000.0,
        "Net Interest Income": -5000000.0,
        "Interest Expense": 5000000.0,
        "Normalized Income": 205000000.0,
        "Net Income From Continuing And Discontinued Operation": 205000000.0,
        "Total Expenses": 982000000.0,
        "Total Operating Income As Reported": 273000000.0,
        "Diluted Average Shares": 246300000.0,
        "Basic Average Shares": 246300000.0,
        "Diluted EPS": 0.83,
        "Basic EPS": 0.83,
        "Diluted NI Availto Com Stockholders": 205000000.0,
        "Net Income Common Stockholders": 205000000.0,
        "Net Income": 205000000.0,
        "Net Income Including Noncontrolling Interests": 205000000.0,
        "Net Income Continuous Operations": 205000000.0,
        "Tax Provision": 63000000.0,
        "Pretax Income": 268000000.0,
        "Other Income Expense": NaN,
        "Other Non Operating Income Expenses": NaN,
        "Net Non Operating Interest Income Expense": -5000000.0,
        "Interest Expense Non Operating": 5000000.0,
        "Operating Income": 273000000.0,
        "Operating Expense": 450000000.0,
        "Research And Development": 55000000.0,
        "Selling General And Administration": 395000000.0,
        "Gross Profit": 723000000.0,
        "Cost Of Revenue": 532000000.0,
        "Total Revenue": 1255000000.0,
        "Operating Revenue": 1255000000.0
    },
    "2022-12-31": {
        "Tax Effect Of Unusual Items": 0.0,
        "Tax Rate For Calcs": 0.304348,
        "Normalized EBITDA": 282000000.0,
        "Net Income From Continuing Operation Net Minority Interest": 80000000.0,
        "Reconciled Depreciation": 21000000.0,
        "Reconciled Cost Of Revenue": 537000000.0,
        "EBITDA": 282000000.0,
        "EBIT": 261000000.0,
        "Net Interest Income": -146000000.0,
        "Interest Expense": 146000000.0,
        "Normalized Income": 80000000.0,
        "Net Income From Continuing And Discontinued Operation": 80000000.0,
        "Total Expenses": 997000000.0,
        "Total Operating Income As Reported": 260000000.0,
        "Diluted Average Shares": NaN,
        "Basic Average Shares": NaN,
        "Diluted EPS": NaN,
        "Basic EPS": NaN,
        "Diluted NI Availto Com Stockholders": 80000000.0,
        "Net Income Common Stockholders": 80000000.0,
        "Net Income": 80000000.0,
        "Net Income Including Noncontrolling Interests": 80000000.0,
        "Net Income Continuous Operations": 80000000.0,
        "Tax Provision": 35000000.0,
        "Pretax Income": 115000000.0,
        "Other Income Expense": NaN,
        "Other Non Operating Income Expenses": NaN,
        "Net Non Operating Interest Income Expense": -146000000.0,
        "Interest Expense Non Operating": 146000000.0,
        "Operating Income": 260000000.0,
        "Operating Expense": 460000000.0,
        "Research And Development": 53000000.0,
        "Selling General And Administration": 407000000.0,
        "Gross Profit": 720000000.0,
        "Cost Of Revenue": 537000000.0,
        "Total Revenue": 1257000000.0,
        "Operating Revenue": 1257000000.0
    },
    "2022-09-30": {
        "Tax Effect Of Unusual Items": NaN,
        "Tax Rate For Calcs": NaN,
        "Normalized EBITDA": NaN,
        "Net Income From Continuing Operation Net Minority Interest": NaN,
        "Reconciled Depreciation": NaN,
        "Reconciled Cost Of Revenue": NaN,
        "EBITDA": NaN,
        "EBIT": NaN,
        "Net Interest Income": NaN,
        "Interest Expense": NaN,
        "Normalized Income": NaN,
        "Net Income From Continuing And Discontinued Operation": NaN,
        "Total Expenses": NaN,
        "Total Operating Income As Reported": NaN,
        "Diluted Average Shares": 246300000.0,
        "Basic Average Shares": 246300000.0,
        "Diluted EPS": 0.89,
        "Basic EPS": 0.89,
        "Diluted NI Availto Com Stockholders": NaN,
        "Net Income Common Stockholders": NaN,
        "Net Income": NaN,
        "Net Income Including Noncontrolling Interests": NaN,
        "Net Income Continuous Operations": NaN,
        "Tax Provision": NaN,
        "Pretax Income": NaN,
        "Other Income Expense": NaN,
        "Other Non Operating Income Expenses": NaN,
        "Net Non Operating Interest Income Expense": NaN,
        "Interest Expense Non Operating": NaN,
        "Operating Income": NaN,
        "Operating Expense": NaN,
        "Research And Development": NaN,
        "Selling General And Administration": NaN,
        "Gross Profit": NaN,
        "Cost Of Revenue": NaN,
        "Total Revenue": NaN,
        "Operating Revenue": NaN
    },
    "2023-12-31": {
        "Tax Effect Of Unusual Items": 0.0,
        "Tax Rate For Calcs": 0.233716,
        "Normalized EBITDA": 308000000.0,
        "Net Income From Continuing Operation Net Minority Interest": 200000000.0,
        "Reconciled Depreciation": 22000000.0,
        "Reconciled Cost Of Revenue": 542000000.0,
        "EBITDA": 308000000.0,
        "EBIT": 286000000.0,
        "Net Interest Income": -25000000.0,
        "Interest Expense": 25000000.0,
        "Normalized Income": 200000000.0,
        "Net Income From Continuing And Discontinued Operation": 200000000.0,
        "Total Expenses": 1002000000.0,
        "Total Operating Income As Reported": 286000000.0,
        "Diluted Average Shares": 248200000.0,
        "Basic Average Shares": 246600000.0,
        "Diluted EPS": 0.81,
        "Basic EPS": 0.81,
        "Diluted NI Availto Com Stockholders": 200000000.0,
        "Net Income Common Stockholders": 200000000.0,
        "Net Income": 200000000.0,
        "Net Income Including Noncontrolling Interests": 200000000.0,
        "Net Income Continuous Operations": 200000000.0,
        "Tax Provision": 61000000.0,
        "Pretax Income": 261000000.0,
        "Other Income Expense": 0.0,
        "Other Non Operating Income Expenses": 0.0,
        "Net Non Operating Interest Income Expense": -25000000.0,
        "Interest Expense Non Operating": 25000000.0,
        "Operating Income": 286000000.0,
        "Operating Expense": 460000000.0,
        "Research And Development": 57000000.0,
        "Selling General And Administration": 403000000.0,
        "Gross Profit": 746000000.0,
        "Cost Of Revenue": 542000000.0,
        "Total Revenue": 1288000000.0,
        "Operating Revenue": 1288000000.0
    },
    "2024-03-31": {
        "Tax Effect Of Unusual Items": 0.0,
        "Tax Rate For Calcs": 0.264,
        "Normalized EBITDA": 299000000.0,
        "Net Income From Continuing Operation Net Minority Interest": 184000000.0,
        "Reconciled Depreciation": 21000000.0,
        "Reconciled Cost Of Revenue": 499000000.0,
        "EBITDA": 299000000.0,
        "EBIT": 278000000.0,
        "Net Interest Income": -28000000.0,
        "Interest Expense": 28000000.0,
        "Normalized Income": 184000000.0,
        "Net Income From Continuing And Discontinued Operation": 184000000.0,
        "Total Expenses": 953000000.0,
        "Total Operating Income As Reported": 293000000.0,
        "Diluted Average Shares": 248800000.0,
        "Basic Average Shares": 246900000.0,
        "Diluted EPS": 0.74,
        "Basic EPS": 0.75,
        "Diluted NI Availto Com Stockholders": 184000000.0,
        "Net Income Common Stockholders": 184000000.0,
        "Net Income": 184000000.0,
        "Net Income Including Noncontrolling Interests": 184000000.0,
        "Net Income Continuous Operations": 184000000.0,
        "Tax Provision": 66000000.0,
        "Pretax Income": 250000000.0,
        "Other Income Expense": -15000000.0,
        "Other Non Operating Income Expenses": -15000000.0,
        "Net Non Operating Interest Income Expense": -28000000.0,
        "Interest Expense Non Operating": 28000000.0,
        "Operating Income": 293000000.0,
        "Operating Expense": 454000000.0,
        "Research And Development": 60000000.0,
        "Selling General And Administration": 394000000.0,
        "Gross Profit": 747000000.0,
        "Cost Of Revenue": 499000000.0,
        "Total Revenue": 1246000000.0,
        "Operating Revenue": 1246000000.0
    },
    "2023-06-30": {
        "Tax Effect Of Unusual Items": 0.0,
        "Tax Rate For Calcs": 0.24,
        "Normalized EBITDA": 297000000.0,
        "Net Income From Continuing Operation Net Minority Interest": 209000000.0,
        "Reconciled Depreciation": 22000000.0,
        "Reconciled Cost Of Revenue": 529000000.0,
        "EBITDA": 297000000.0,
        "EBIT": 275000000.0,
        "Net Interest Income": 0.0,
        "Interest Expense": 0.0,
        "Normalized Income": 209000000.0,
        "Net Income From Continuing And Discontinued Operation": 209000000.0,
        "Total Expenses": 964000000.0,
        "Total Operating Income As Reported": 289000000.0,
        "Diluted Average Shares": 246061744.0,
        "Basic Average Shares": 246061744.0,
        "Diluted EPS": 0.84938,
        "Basic EPS": 0.84938,
        "Diluted NI Availto Com Stockholders": 209000000.0,
        "Net Income Common Stockholders": 209000000.0,
        "Net Income": 209000000.0,
        "Net Income Including Noncontrolling Interests": 209000000.0,
        "Net Income Continuous Operations": 209000000.0,
        "Tax Provision": 66000000.0,
        "Pretax Income": 275000000.0,
        "Other Income Expense": -14000000.0,
        "Other Non Operating Income Expenses": -14000000.0,
        "Net Non Operating Interest Income Expense": 0.0,
        "Interest Expense Non Operating": 0.0,
        "Operating Income": 289000000.0,
        "Operating Expense": 435000000.0,
        "Research And Development": 57000000.0,
        "Selling General And Administration": 378000000.0,
        "Gross Profit": 724000000.0,
        "Cost Of Revenue": 529000000.0,
        "Total Revenue": 1253000000.0,
        "Operating Revenue": 1253000000.0
    },
    "2023-03-31": {
        "Tax Effect Of Unusual Items": 0.0,
        "Tax Rate For Calcs": 0.229,
        "Normalized EBITDA": 314000000.0,
        "Net Income From Continuing Operation Net Minority Interest": 225000000.0,
        "Reconciled Depreciation": 22000000.0,
        "Reconciled Cost Of Revenue": 517000000.0,
        "EBITDA": 314000000.0,
        "EBIT": 292000000.0,
        "Net Interest Income": 0.0,
        "Interest Expense": 0.0,
        "Normalized Income": 225000000.0,
        "Net Income From Continuing And Discontinued Operation": 225000000.0,
        "Total Expenses": 933000000.0,
        "Total Operating Income As Reported": 292000000.0,
        "Diluted Average Shares": 246700000.0,
        "Basic Average Shares": 244500000.0,
        "Diluted EPS": 0.912039,
        "Basic EPS": 0.920245,
        "Diluted NI Availto Com Stockholders": 225000000.0,
        "Net Income Common Stockholders": 225000000.0,
        "Net Income": 225000000.0,
        "Net Income Including Noncontrolling Interests": 225000000.0,
        "Net Income Continuous Operations": 225000000.0,
        "Tax Provision": 67000000.0,
        "Pretax Income": 292000000.0,
        "Other Income Expense": NaN,
        "Other Non Operating Income Expenses": NaN,
        "Net Non Operating Interest Income Expense": 0.0,
        "Interest Expense Non Operating": 0.0,
        "Operating Income": 292000000.0,
        "Operating Expense": 416000000.0,
        "Research And Development": 56000000.0,
        "Selling General And Administration": 360000000.0,
        "Gross Profit": 708000000.0,
        "Cost Of Revenue": 517000000.0,
        "Total Revenue": 1225000000.0,
        "Operating Revenue": 1225000000.0
    },
    "2024-06-30": {
        "Tax Effect Of Unusual Items": 0.0,
        "Tax Rate For Calcs": 0.248,
        "Normalized EBITDA": 320000000.0,
        "Net Income From Continuing Operation Net Minority Interest": 203000000.0,
        "Reconciled Depreciation": 20000000.0,
        "Reconciled Cost Of Revenue": 514000000.0,
        "EBITDA": 320000000.0,
        "EBIT": 300000000.0,
        "Net Interest Income": -30000000.0,
        "Interest Expense": 30000000.0,
        "Normalized Income": 203000000.0,
        "Net Income From Continuing And Discontinued Operation": 203000000.0,
        "Total Expenses": 989000000.0,
        "Total Operating Income As Reported": 299000000.0,
        "Diluted Average Shares": 249300000.0,
        "Basic Average Shares": 247200000.0,
        "Diluted EPS": 0.81,
        "Basic EPS": 0.82,
        "Diluted NI Availto Com Stockholders": 203000000.0,
        "Net Income Common Stockholders": 203000000.0,
        "Net Income": 203000000.0,
        "Net Income Including Noncontrolling Interests": 203000000.0,
        "Net Income Continuous Operations": 203000000.0,
        "Tax Provision": 67000000.0,
        "Pretax Income": 270000000.0,
        "Other Income Expense": 1000000.0,
        "Other Non Operating Income Expenses": 1000000.0,
        "Net Non Operating Interest Income Expense": -30000000.0,
        "Interest Expense Non Operating": 30000000.0,
        "Operating Income": 299000000.0,
        "Operating Expense": 475000000.0,
        "Research And Development": 61000000.0,
        "Selling General And Administration": 414000000.0,
        "Gross Profit": 774000000.0,
        "Cost Of Revenue": 514000000.0,
        "Total Revenue": 1288000000.0,
        "Operating Revenue": 1288000000.0
    }
}