{
    "2023-03-31": {
        "Tax Effect Of Unusual Items": NaN,
        "Tax Rate For Calcs": NaN,
        "Normalized EBITDA": NaN,
        "Total Unusual Items": NaN,
        "Total Unusual Items Excluding Goodwill": NaN,
        "Net Income From Continuing Operation Net Minority Interest": NaN,
        "Reconciled Depreciation": NaN,
        "Reconciled Cost Of Revenue": NaN,
        "EBITDA": NaN,
        "EBIT": NaN,
        "Net Interest Income": NaN,
        "Interest Expense": NaN,
        "Normalized Income": NaN,
        "Net Income From Continuing And Discontinued Operation": NaN,
        "Total Expenses": NaN,
        "Total Operating Income As Reported": NaN,
        "Diluted Average Shares": NaN,
        "Basic Average Shares": NaN,
        "Diluted EPS": NaN,
        "Basic EPS": NaN,
        "Diluted NI Availto Com Stockholders": NaN,
        "Net Income Common Stockholders": NaN,
        "Net Income": NaN,
        "Minority Interests": NaN,
        "Net Income Including Noncontrolling Interests": NaN,
        "Net Income Discontinuous Operations": NaN,
        "Net Income Continuous Operations": NaN,
        "Tax Provision": NaN,
        "Pretax Income": NaN,
        "Other Income Expense": NaN,
        "Other Non Operating Income Expenses": NaN,
        "Special Income Charges": NaN,
        "Gain On Sale Of Ppe": NaN,
        "Impairment Of Capital Assets": 0.0,
        "Net Non Operating Interest Income Expense": NaN,
        "Interest Expense Non Operating": NaN,
        "Operating Income": NaN,
        "Operating Expense": NaN,
        "Other Operating Expenses": NaN,
        "Selling General And Administration": NaN,
        "Gross Profit": NaN,
        "Cost Of Revenue": NaN,
        "Total Revenue": NaN,
        "Operating Revenue": NaN
    },
    "2022-12-31": {
        "Tax Effect Of Unusual Items": NaN,
        "Tax Rate For Calcs": NaN,
        "Normalized EBITDA": NaN,
        "Total Unusual Items": NaN,
        "Total Unusual Items Excluding Goodwill": NaN,
        "Net Income From Continuing Operation Net Minority Interest": NaN,
        "Reconciled Depreciation": NaN,
        "Reconciled Cost Of Revenue": NaN,
        "EBITDA": NaN,
        "EBIT": NaN,
        "Net Interest Income": NaN,
        "Interest Expense": NaN,
        "Normalized Income": NaN,
        "Net Income From Continuing And Discontinued Operation": NaN,
        "Total Expenses": NaN,
        "Total Operating Income As Reported": NaN,
        "Diluted Average Shares": NaN,
        "Basic Average Shares": NaN,
        "Diluted EPS": NaN,
        "Basic EPS": NaN,
        "Diluted NI Availto Com Stockholders": NaN,
        "Net Income Common Stockholders": NaN,
        "Net Income": NaN,
        "Minority Interests": NaN,
        "Net Income Including Noncontrolling Interests": NaN,
        "Net Income Discontinuous Operations": NaN,
        "Net Income Continuous Operations": NaN,
        "Tax Provision": NaN,
        "Pretax Income": NaN,
        "Other Income Expense": NaN,
        "Other Non Operating Income Expenses": NaN,
        "Special Income Charges": NaN,
        "Gain On Sale Of Ppe": NaN,
        "Impairment Of Capital Assets": 100000.0,
        "Net Non Operating Interest Income Expense": NaN,
        "Interest Expense Non Operating": NaN,
        "Operating Income": NaN,
        "Operating Expense": NaN,
        "Other Operating Expenses": NaN,
        "Selling General And Administration": NaN,
        "Gross Profit": NaN,
        "Cost Of Revenue": NaN,
        "Total Revenue": NaN,
        "Operating Revenue": NaN
    },
    "2022-09-30": {
        "Tax Effect Of Unusual Items": NaN,
        "Tax Rate For Calcs": NaN,
        "Normalized EBITDA": NaN,
        "Total Unusual Items": NaN,
        "Total Unusual Items Excluding Goodwill": NaN,
        "Net Income From Continuing Operation Net Minority Interest": NaN,
        "Reconciled Depreciation": NaN,
        "Reconciled Cost Of Revenue": NaN,
        "EBITDA": NaN,
        "EBIT": NaN,
        "Net Interest Income": NaN,
        "Interest Expense": NaN,
        "Normalized Income": NaN,
        "Net Income From Continuing And Discontinued Operation": NaN,
        "Total Expenses": NaN,
        "Total Operating Income As Reported": NaN,
        "Diluted Average Shares": NaN,
        "Basic Average Shares": NaN,
        "Diluted EPS": NaN,
        "Basic EPS": NaN,
        "Diluted NI Availto Com Stockholders": NaN,
        "Net Income Common Stockholders": NaN,
        "Net Income": NaN,
        "Minority Interests": NaN,
        "Net Income Including Noncontrolling Interests": NaN,
        "Net Income Discontinuous Operations": NaN,
        "Net Income Continuous Operations": NaN,
        "Tax Provision": NaN,
        "Pretax Income": NaN,
        "Other Income Expense": NaN,
        "Other Non Operating Income Expenses": NaN,
        "Special Income Charges": NaN,
        "Gain On Sale Of Ppe": NaN,
        "Impairment Of Capital Assets": 67800000.0,
        "Net Non Operating Interest Income Expense": NaN,
        "Interest Expense Non Operating": NaN,
        "Operating Income": NaN,
        "Operating Expense": NaN,
        "Other Operating Expenses": NaN,
        "Selling General And Administration": NaN,
        "Gross Profit": NaN,
        "Cost Of Revenue": NaN,
        "Total Revenue": NaN,
        "Operating Revenue": NaN
    },
    "2022-06-30": {
        "Tax Effect Of Unusual Items": 482000.0,
        "Tax Rate For Calcs": 0.241,
        "Normalized EBITDA": 443900000.0,
        "Total Unusual Items": 2000000.0,
        "Total Unusual Items Excluding Goodwill": 2000000.0,
        "Net Income From Continuing Operation Net Minority Interest": 200400000.0,
        "Reconciled Depreciation": 143000000.0,
        "Reconciled Cost Of Revenue": 1508100000.0,
        "EBITDA": 445900000.0,
        "EBIT": 302900000.0,
        "Net Interest Income": -38700000.0,
        "Interest Expense": 38700000.0,
        "Normalized Income": 198882000.0,
        "Net Income From Continuing And Discontinued Operation": 187300000.0,
        "Total Expenses": 1648700000.0,
        "Total Operating Income As Reported": 307600000.0,
        "Diluted Average Shares": 133500000.0,
        "Basic Average Shares": 133000000.0,
        "Diluted EPS": 1.4,
        "Basic EPS": 1.41,
        "Diluted NI Availto Com Stockholders": 187300000.0,
        "Net Income Common Stockholders": 187300000.0,
        "Net Income": 187300000.0,
        "Minority Interests": -100000.0,
        "Net Income Including Noncontrolling Interests": 187400000.0,
        "Net Income Discontinuous Operations": -13100000.0,
        "Net Income Continuous Operations": 200500000.0,
        "Tax Provision": 63700000.0,
        "Pretax Income": 264200000.0,
        "Other Income Expense": -2700000.0,
        "Other Non Operating Income Expenses": -4700000.0,
        "Special Income Charges": 2000000.0,
        "Gain On Sale Of Ppe": 2000000.0,
        "Impairment Of Capital Assets": NaN,
        "Net Non Operating Interest Income Expense": -38700000.0,
        "Interest Expense Non Operating": 38700000.0,
        "Operating Income": 305600000.0,
        "Operating Expense": 140600000.0,
        "Other Operating Expenses": 6200000.0,
        "Selling General And Administration": 134400000.0,
        "Gross Profit": 446200000.0,
        "Cost Of Revenue": 1508100000.0,
        "Total Revenue": 1954300000.0,
        "Operating Revenue": 1954300000.0
    },
    "2023-06-30": {
        "Tax Effect Of Unusual Items": 3807600.0,
        "Tax Rate For Calcs": 0.228,
        "Normalized EBITDA": 589200000.0,
        "Total Unusual Items": 16700000.0,
        "Total Unusual Items Excluding Goodwill": 16700000.0,
        "Net Income From Continuing Operation Net Minority Interest": 312300000.0,
        "Reconciled Depreciation": 154900000.0,
        "Reconciled Cost Of Revenue": 1529600000.0,
        "EBITDA": 605900000.0,
        "EBIT": 451000000.0,
        "Net Interest Income": -46700000.0,
        "Interest Expense": 46700000.0,
        "Normalized Income": 299407600.0,
        "Net Income From Continuing And Discontinued Operation": 308600000.0,
        "Total Expenses": 1678500000.0,
        "Total Operating Income As Reported": 451100000.0,
        "Diluted Average Shares": 133800000.0,
        "Basic Average Shares": 133200000.0,
        "Diluted EPS": 2.31,
        "Basic EPS": 2.32,
        "Diluted NI Availto Com Stockholders": 308600000.0,
        "Net Income Common Stockholders": 308600000.0,
        "Net Income": 308600000.0,
        "Minority Interests": 0.0,
        "Net Income Including Noncontrolling Interests": 308600000.0,
        "Net Income Discontinuous Operations": -3700000.0,
        "Net Income Continuous Operations": 312300000.0,
        "Tax Provision": 92000000.0,
        "Pretax Income": 404300000.0,
        "Other Income Expense": 16600000.0,
        "Other Non Operating Income Expenses": -100000.0,
        "Special Income Charges": 16700000.0,
        "Gain On Sale Of Ppe": 16700000.0,
        "Impairment Of Capital Assets": NaN,
        "Net Non Operating Interest Income Expense": -46700000.0,
        "Interest Expense Non Operating": 46700000.0,
        "Operating Income": 434400000.0,
        "Operating Expense": 148900000.0,
        "Other Operating Expenses": 9800000.0,
        "Selling General And Administration": 139100000.0,
        "Gross Profit": 583300000.0,
        "Cost Of Revenue": 1529600000.0,
        "Total Revenue": 2112900000.0,
        "Operating Revenue": 1848400000.0
    },
    "2022-03-31": {
        "Diluted EPS": 0.69,
        "Total Revenue": NaN,
        "Gross Profit": 269,
        "Operating Income": 147,
        "EBIT": 288,
        "Net Income": 92
    },
    "2021-12-31": {
        "Diluted EPS": 1.04,
        "Total Revenue": NaN,
        "Gross Profit": 352,
        "Operating Income": 211,
        "EBIT": 353,
        "Net Income": 138
    },
    "2021-09-30": {
        "Diluted EPS": 1.32,
        "Total Revenue": NaN,
        "Gross Profit": 394,
        "Operating Income": 262,
        "EBIT": 385,
        "Net Income": 177
    },
    "2021-06-30": {
        "Diluted EPS": 1.46,
        "Total Revenue": NaN,
        "Gross Profit": 398,
        "Operating Income": 288,
        "EBIT": 391,
        "Net Income": 195
    },
    "2021-03-31": {
        "Diluted EPS": 1.2,
        "Total Revenue": NaN,
        "Gross Profit": 229,
        "Operating Income": 250,
        "EBIT": 350,
        "Net Income": 161
    },
    "2020-12-31": {
        "Diluted EPS": 0.86,
        "Total Revenue": NaN,
        "Gross Profit": 303,
        "Operating Income": 196,
        "EBIT": 297,
        "Net Income": 115
    },
    "2020-09-30": {
        "Diluted EPS": 1.5,
        "Total Revenue": NaN,
        "Gross Profit": 380,
        "Operating Income": 288,
        "EBIT": 389,
        "Net Income": 200
    },
    "2020-06-30": {
        "Diluted EPS": 1.58,
        "Total Revenue": NaN,
        "Gross Profit": 397,
        "Operating Income": 299,
        "EBIT": 398,
        "Net Income": 210
    },
    "2020-03-31": {
        "Diluted EPS": 0.45,
        "Total Revenue": NaN,
        "Gross Profit": 202,
        "Operating Income": 112,
        "EBIT": 208,
        "Net Income": 60
    },
    "2019-12-31": {
        "Diluted EPS": 1.05,
        "Total Revenue": NaN,
        "Gross Profit": 293,
        "Operating Income": 194,
        "EBIT": 289,
        "Net Income": 141
    },
    "2019-09-30": {
        "Diluted EPS": 1.62,
        "Total Revenue": NaN,
        "Gross Profit": 401,
        "Operating Income": 303,
        "EBIT": 400,
        "Net Income": 216
    },
    "2019-06-30": {
        "Diluted EPS": 1.48,
        "Total Revenue": NaN,
        "Gross Profit": 371,
        "Operating Income": 276,
        "EBIT": 370,
        "Net Income": 198
    },
    "2019-03-31": {
        "Diluted EPS": 0.48,
        "Total Revenue": 997,
        "Gross Profit": 192,
        "Operating Income": 104,
        "EBIT": 194,
        "Net Income": 63
    },
    "2018-12-31": {
        "Diluted EPS": 0.93,
        "Total Revenue": NaN,
        "Gross Profit": 275,
        "Operating Income": 187,
        "EBIT": 277,
        "Net Income": 124
    },
    "2018-09-30": {
        "Diluted EPS": 1.34,
        "Total Revenue": NaN,
        "Gross Profit": 343,
        "Operating Income": 249,
        "EBIT": 339,
        "Net Income": 179
    },
    "2018-06-30": {
        "Diluted EPS": 1.19,
        "Total Revenue": NaN,
        "Gross Profit": 323,
        "Operating Income": 230,
        "EBIT": 316,
        "Net Income": 160
    },
    "2018-03-31": {
        "Diluted EPS": 0.39,
        "Total Revenue": 854,
        "Gross Profit": 159,
        "Operating Income": 81,
        "EBIT": 163,
        "Net Income": 53
    },
    "2017-12-31": {
        "Diluted EPS": 2.43,
        "Total Revenue": 977,
        "Gross Profit": 242,
        "Operating Income": 149,
        "EBIT": 227,
        "Net Income": 328
    },
    "2017-09-30": {
        "Diluted EPS": 0.81,
        "Total Revenue": NaN,
        "Gross Profit": 304,
        "Operating Income": 227,
        "EBIT": 307,
        "Net Income": 109
    },
    "2017-06-30": {
        "Diluted EPS": 0.89,
        "Total Revenue": NaN,
        "Gross Profit": 290,
        "Operating Income": 192,
        "EBIT": 269,
        "Net Income": 120
    },
    "2017-03-31": {
        "Diluted EPS": 0.33,
        "Total Revenue": 787,
        "Gross Profit": 158,
        "Operating Income": 70,
        "EBIT": 142,
        "Net Income": 45
    },
    "2016-12-31": {
        "Diluted EPS": 0.82,
        "Total Revenue": 873,
        "Gross Profit": 228,
        "Operating Income": 160,
        "EBIT": 232,
        "Net Income": 113
    },
    "2016-09-30": {
        "Diluted EPS": 1.05,
        "Total Revenue": NaN,
        "Gross Profit": 304,
        "Operating Income": 227,
        "EBIT": 299,
        "Net Income": 142
    },
    "2016-06-30": {
        "Diluted EPS": 0.92,
        "Total Revenue": 957,
        "Gross Profit": 292,
        "Operating Income": 214,
        "EBIT": 286,
        "Net Income": 125
    },
    "2016-03-31": {
        "Diluted EPS": 0.3,
        "Total Revenue": 755,
        "Gross Profit": 165,
        "Operating Income": 65,
        "EBIT": 134,
        "Net Income": 40
    },
    "2015-12-31": {
        "Diluted EPS": 0.67,
        "Total Revenue": 857,
        "Gross Profit": 254,
        "Operating Income": 173,
        "EBIT": 243,
        "Net Income": 89
    },
    "2015-09-30": {
        "Diluted EPS": 0.91,
        "Total Revenue": NaN,
        "Gross Profit": 291,
        "Operating Income": 212,
        "EBIT": 282,
        "Net Income": 124
    },
    "2015-06-30": {
        "Diluted EPS": 0.36,
        "Total Revenue": 895,
        "Gross Profit": 234,
        "Operating Income": 154,
        "EBIT": 222,
        "Net Income": 48
    },
    "2015-03-31": {
        "Diluted EPS": -0.3,
        "Total Revenue": 631,
        "Gross Profit": 78,
        "Operating Income": 11,
        "EBIT": 77,
        "Net Income": -40
    },
    "2014-12-31": {
        "Diluted EPS": 0.28,
        "Total Revenue": 755,
        "Gross Profit": 170,
        "Operating Income": 100,
        "EBIT": 171,
        "Net Income": 38
    },
    "2014-09-30": {
        "Diluted EPS": 0.5,
        "Total Revenue": 874,
        "Gross Profit": 209,
        "Operating Income": 140,
        "EBIT": 211,
        "Net Income": 67
    },
    "2014-06-30": {
        "Diluted EPS": 0.35,
        "Total Revenue": 791,
        "Gross Profit": 175,
        "Operating Income": 103,
        "EBIT": 172,
        "Net Income": 46
    },
    "2014-03-31": {
        "Diluted EPS": 0.41,
        "Total Revenue": 574,
        "Gross Profit": 34,
        "Operating Income": 195,
        "EBIT": 264,
        "Net Income": 54
    },
    "2013-12-31": {
        "Diluted EPS": 0.08,
        "Total Revenue": 680,
        "Gross Profit": 117,
        "Operating Income": 54,
        "EBIT": 130,
        "Net Income": 9
    },
    "2013-09-30": {
        "Diluted EPS": 0.31,
        "Total Revenue": 814,
        "Gross Profit": 159,
        "Operating Income": 100,
        "EBIT": 178,
        "Net Income": 41
    },
    "2013-06-30": {
        "Diluted EPS": 0.22,
        "Total Revenue": 739,
        "Gross Profit": 133,
        "Operating Income": 87,
        "EBIT": 164,
        "Net Income": 29
    },
    "2013-03-31": {
        "Diluted EPS": -0.42,
        "Total Revenue": 538,
        "Gross Profit": 18,
        "Operating Income": -50,
        "EBIT": 26,
        "Net Income": -55
    },
    "2012-12-31": {
        "Diluted EPS": 0.02,
        "Total Revenue": 608,
        "Gross Profit": 79,
        "Operating Income": 56,
        "EBIT": 134,
        "Net Income": 3
    },
    "2012-09-30": {
        "Diluted EPS": 0.11,
        "Total Revenue": 729,
        "Gross Profit": 127,
        "Operating Income": 56,
        "EBIT": 140,
        "Net Income": 14
    },
    "2012-06-30": {
        "Diluted EPS": -0.14,
        "Total Revenue": 694,
        "Gross Profit": 106,
        "Operating Income": 20,
        "EBIT": 104,
        "Net Income": -18
    },
    "2012-03-31": {
        "Diluted EPS": -0.4,
        "Total Revenue": 536,
        "Gross Profit": 22,
        "Operating Income": -46,
        "EBIT": 39,
        "Net Income": -52
    },
    "2011-12-31": {
        "Diluted EPS": -0.22,
        "Total Revenue": 615,
        "Gross Profit": 74,
        "Operating Income": -6,
        "EBIT": 83,
        "Net Income": -28
    },
    "2011-09-30": {
        "Diluted EPS": 0.15,
        "Total Revenue": 761,
        "Gross Profit": 116,
        "Operating Income": 107,
        "EBIT": 198,
        "Net Income": 20
    },
    "2011-06-30": {
        "Diluted EPS": -0.06,
        "Total Revenue": 702,
        "Gross Profit": 101,
        "Operating Income": 23,
        "EBIT": 116,
        "Net Income": -8
    },
    "2011-03-31": {
        "Diluted EPS": -0.42,
        "Total Revenue": 487,
        "Gross Profit": -7,
        "Operating Income": -61,
        "EBIT": 29,
        "Net Income": -55
    },
    "2010-12-31": {
        "Diluted EPS": -0.35,
        "Total Revenue": 586,
        "Gross Profit": 51,
        "Operating Income": -29,
        "EBIT": 64,
        "Net Income": -47
    },
    "2010-09-30": {
        "Diluted EPS": 0.1,
        "Total Revenue": 743,
        "Gross Profit": 127,
        "Operating Income": 50,
        "EBIT": 148,
        "Net Income": 13
    },
    "2010-06-30": {
        "Diluted EPS": -0.19,
        "Total Revenue": 736,
        "Gross Profit": 122,
        "Operating Income": 1,
        "EBIT": 98,
        "Net Income": -24
    },
    "2010-03-31": {
        "Diluted EPS": -0.31,
        "Total Revenue": 493,
        "Gross Profit": 1,
        "Operating Income": -37,
        "EBIT": 57,
        "Net Income": -39
    },
    "2009-12-31": {
        "Diluted EPS": -0.08,
        "Total Revenue": 590,
        "Gross Profit": 68,
        "Operating Income": 1,
        "EBIT": 98,
        "Net Income": -13
    },
    "2009-09-30": {
        "Diluted EPS": 0.43,
        "Total Revenue": 778,
        "Gross Profit": 154,
        "Operating Income": 83,
        "EBIT": 182,
        "Net Income": 54
    },
    "2009-06-30": {
        "Diluted EPS": 0.2,
        "Total Revenue": 722,
        "Gross Profit": 146,
        "Operating Income": 66,
        "EBIT": 165,
        "Net Income": 22
    },
    "2009-03-31": {
        "Diluted EPS": -0.3,
        "Total Revenue": 600,
        "Gross Profit": 78,
        "Operating Income": -1,
        "EBIT": 98,
        "Net Income": -33
    },
    "2023-09-30": {
        "Tax Effect Of Unusual Items": -5616000.0,
        "Tax Rate For Calcs": 0.234,
        "Normalized EBITDA": 597600000.0,
        "Total Unusual Items": -24000000.0,
        "Total Unusual Items Excluding Goodwill": -24000000.0,
        "Net Income From Continuing Operation Net Minority Interest": 279300000.0,
        "Reconciled Depreciation": 161100000.0,
        "Reconciled Cost Of Revenue": 1594800000.0,
        "EBITDA": 573600000.0,
        "EBIT": 412500000.0,
        "Net Interest Income": -46600000.0,
        "Interest Expense": 46600000.0,
        "Normalized Income": 297684000.0,
        "Net Income From Continuing And Discontinued Operation": 276500000.0,
        "Total Expenses": 1742900000.0,
        "Total Operating Income As Reported": 418900000.0,
        "Diluted Average Shares": 133700000.0,
        "Basic Average Shares": 133000000.0,
        "Diluted EPS": 2.07,
        "Basic EPS": 2.08,
        "Diluted NI Availto Com Stockholders": 276500000.0,
        "Net Income Common Stockholders": 276500000.0,
        "Net Income": 276500000.0,
        "Minority Interests": -800000.0,
        "Net Income Including Noncontrolling Interests": 277300000.0,
        "Net Income Discontinuous Operations": -2800000.0,
        "Net Income Continuous Operations": 280100000.0,
        "Tax Provision": 85800000.0,
        "Pretax Income": 365900000.0,
        "Other Income Expense": -30400000.0,
        "Other Non Operating Income Expenses": -6400000.0,
        "Special Income Charges": -24000000.0,
        "Gain On Sale Of Ppe": 4300000.0,
        "Impairment Of Capital Assets": 28300000.0,
        "Net Non Operating Interest Income Expense": -46600000.0,
        "Interest Expense Non Operating": 46600000.0,
        "Operating Income": 442900000.0,
        "Operating Expense": 148100000.0,
        "Other Operating Expenses": 4200000.0,
        "Selling General And Administration": 143900000.0,
        "Gross Profit": 591000000.0,
        "Cost Of Revenue": 1594800000.0,
        "Total Revenue": 2185800000.0,
        "Operating Revenue": 2185800000.0
    },
    "2023-12-31": {
        "Tax Effect Of Unusual Items": 16784968.68476,
        "Tax Rate For Calcs": 0.313152,
        "Normalized EBITDA": 474300000.0,
        "Total Unusual Items": 53600000.0,
        "Total Unusual Items Excluding Goodwill": 53600000.0,
        "Net Income From Continuing Operation Net Minority Interest": 229600000.0,
        "Reconciled Depreciation": 138700000.0,
        "Reconciled Cost Of Revenue": 1362100000.0,
        "EBITDA": 527900000.0,
        "EBIT": 389200000.0,
        "Net Interest Income": -37400000.0,
        "Interest Expense": 53900000.0,
        "Normalized Income": 192784968.68476,
        "Net Income From Continuing And Discontinued Operation": 227400000.0,
        "Total Expenses": 1517800000.0,
        "Total Operating Income As Reported": 370100000.0,
        "Diluted Average Shares": 133500000.0,
        "Basic Average Shares": 132700000.0,
        "Diluted EPS": 1.7,
        "Basic EPS": 1.71,
        "Diluted NI Availto Com Stockholders": 227400000.0,
        "Net Income Common Stockholders": 227400000.0,
        "Net Income": 227400000.0,
        "Minority Interests": -700000.0,
        "Net Income Including Noncontrolling Interests": 228100000.0,
        "Net Income Discontinuous Operations": -2200000.0,
        "Net Income Continuous Operations": 230300000.0,
        "Tax Provision": 105000000.0,
        "Pretax Income": 335300000.0,
        "Other Income Expense": 56200000.0,
        "Other Non Operating Income Expenses": 2600000.0,
        "Special Income Charges": 53600000.0,
        "Gain On Sale Of Ppe": 53600000.0,
        "Impairment Of Capital Assets": 0.0,
        "Net Non Operating Interest Income Expense": -37400000.0,
        "Interest Expense Non Operating": 53900000.0,
        "Operating Income": 316500000.0,
        "Operating Expense": 155700000.0,
        "Other Operating Expenses": 13300000.0,
        "Selling General And Administration": 142400000.0,
        "Gross Profit": 472200000.0,
        "Cost Of Revenue": 1362100000.0,
        "Total Revenue": 1834300000.0,
        "Operating Revenue": 1834300000.0
    },
    "2024-03-31": {
        "Tax Effect Of Unusual Items": 129600.0,
        "Tax Rate For Calcs": 0.216,
        "Normalized EBITDA": 322900000.0,
        "Total Unusual Items": 600000.0,
        "Total Unusual Items Excluding Goodwill": 600000.0,
        "Net Income From Continuing Operation Net Minority Interest": 104400000.0,
        "Reconciled Depreciation": 150900000.0,
        "Reconciled Cost Of Revenue": 1240800000.0,
        "EBITDA": 323500000.0,
        "EBIT": 172600000.0,
        "Net Interest Income": -39100000.0,
        "Interest Expense": 39100000.0,
        "Normalized Income": 103929600.0,
        "Net Income From Continuing And Discontinued Operation": 102700000.0,
        "Total Expenses": 1373400000.0,
        "Total Operating Income As Reported": 172900000.0,
        "Diluted Average Shares": 133100000.0,
        "Basic Average Shares": 132400000.0,
        "Diluted EPS": 0.77,
        "Basic EPS": 0.78,
        "Diluted NI Availto Com Stockholders": 102700000.0,
        "Net Income Common Stockholders": 102700000.0,
        "Net Income": 102700000.0,
        "Minority Interests": -200000.0,
        "Net Income Including Noncontrolling Interests": 102900000.0,
        "Net Income Discontinuous Operations": -1700000.0,
        "Net Income Continuous Operations": 104600000.0,
        "Tax Provision": 28900000.0,
        "Pretax Income": 133500000.0,
        "Other Income Expense": 300000.0,
        "Other Non Operating Income Expenses": -300000.0,
        "Special Income Charges": 600000.0,
        "Gain On Sale Of Ppe": 600000.0,
        "Impairment Of Capital Assets": NaN,
        "Net Non Operating Interest Income Expense": -39100000.0,
        "Interest Expense Non Operating": 39100000.0,
        "Operating Income": 172300000.0,
        "Operating Expense": 132600000.0,
        "Other Operating Expenses": 2900000.0,
        "Selling General And Administration": 129700000.0,
        "Gross Profit": 304900000.0,
        "Cost Of Revenue": 1240800000.0,
        "Total Revenue": 1545700000.0,
        "Operating Revenue": 1323900000.0
    },
    "2024-06-30": {
        "Tax Effect Of Unusual Items": 885400.0,
        "Tax Rate For Calcs": 0.233,
        "Normalized EBITDA": 597900000.0,
        "Total Unusual Items": 3800000.0,
        "Total Unusual Items Excluding Goodwill": 3800000.0,
        "Net Income From Continuing Operation Net Minority Interest": 310000000.0,
        "Reconciled Depreciation": 156800000.0,
        "Reconciled Cost Of Revenue": 1422200000.0,
        "EBITDA": 601700000.0,
        "EBIT": 444900000.0,
        "Net Interest Income": -40200000.0,
        "Interest Expense": 40200000.0,
        "Normalized Income": 307085400.0,
        "Net Income From Continuing And Discontinued Operation": 308000000.0,
        "Total Expenses": 1564600000.0,
        "Total Operating Income As Reported": 453600000.0,
        "Diluted Average Shares": 133100000.0,
        "Basic Average Shares": 132400000.0,
        "Diluted EPS": 2.31,
        "Basic EPS": 2.33,
        "Diluted NI Availto Com Stockholders": 308000000.0,
        "Net Income Common Stockholders": 308000000.0,
        "Net Income": 308000000.0,
        "Minority Interests": -300000.0,
        "Net Income Including Noncontrolling Interests": 308300000.0,
        "Net Income Discontinuous Operations": -2000000.0,
        "Net Income Continuous Operations": 310300000.0,
        "Tax Provision": 94400000.0,
        "Pretax Income": 404700000.0,
        "Other Income Expense": -4900000.0,
        "Other Non Operating Income Expenses": -8700000.0,
        "Special Income Charges": 3800000.0,
        "Gain On Sale Of Ppe": 3800000.0,
        "Impairment Of Capital Assets": NaN,
        "Net Non Operating Interest Income Expense": -40200000.0,
        "Interest Expense Non Operating": 40200000.0,
        "Operating Income": 449800000.0,
        "Operating Expense": 142400000.0,
        "Other Operating Expenses": 8300000.0,
        "Selling General And Administration": 134100000.0,
        "Gross Profit": 592200000.0,
        "Cost Of Revenue": 1422200000.0,
        "Total Revenue": 2014400000.0,
        "Operating Revenue": 1755900000.0
    },
    "2024-09-30": {
        "Tax Effect Of Unusual Items": -24969600.0,
        "Tax Rate For Calcs": 0.289,
        "Normalized EBITDA": 580400000.0,
        "Total Unusual Items": -86400000.0,
        "Total Unusual Items Excluding Goodwill": -86400000.0,
        "Net Income From Continuing Operation Net Minority Interest": 208900000.0,
        "Reconciled Depreciation": 160700000.0,
        "Reconciled Cost Of Revenue": 1438700000.0,
        "EBITDA": 494000000.0,
        "EBIT": 333300000.0,
        "Net Interest Income": -38400000.0,
        "Interest Expense": 38400000.0,
        "Normalized Income": 270330400.0,
        "Net Income From Continuing And Discontinued Operation": 207600000.0,
        "Total Expenses": 1580400000.0,
        "Total Operating Income As Reported": 337100000.0,
        "Diluted Average Shares": 133000000.0,
        "Basic Average Shares": 132200000.0,
        "Diluted EPS": 1.56,
        "Basic EPS": 1.57,
        "Diluted NI Availto Com Stockholders": 207600000.0,
        "Net Income Common Stockholders": 207600000.0,
        "Net Income": 207600000.0,
        "Minority Interests": -800000.0,
        "Net Income Including Noncontrolling Interests": 208400000.0,
        "Net Income Discontinuous Operations": -1300000.0,
        "Net Income Continuous Operations": 209700000.0,
        "Tax Provision": 85200000.0,
        "Pretax Income": 294900000.0,
        "Other Income Expense": -90200000.0,
        "Other Non Operating Income Expenses": -3800000.0,
        "Special Income Charges": -86400000.0,
        "Gain On Sale Of Ppe": 200000.0,
        "Impairment Of Capital Assets": 86600000.0,
        "Net Non Operating Interest Income Expense": -38400000.0,
        "Interest Expense Non Operating": 38400000.0,
        "Operating Income": 423500000.0,
        "Operating Expense": 141700000.0,
        "Other Operating Expenses": 12600000.0,
        "Selling General And Administration": 129100000.0,
        "Gross Profit": 565200000.0,
        "Cost Of Revenue": 1438700000.0,
        "Total Revenue": 2003900000.0,
        "Operating Revenue": 2003900000.0
    }
}