{
    "2023-03-31": {
        "Tax Effect Of Unusual Items": NaN,
        "Tax Rate For Calcs": NaN,
        "Normalized EBITDA": NaN,
        "Total Unusual Items": NaN,
        "Total Unusual Items Excluding Goodwill": NaN,
        "Net Income From Continuing Operation Net Minority Interest": NaN,
        "Reconciled Depreciation": NaN,
        "Reconciled Cost Of Revenue": NaN,
        "EBITDA": NaN,
        "EBIT": NaN,
        "Net Interest Income": NaN,
        "Interest Expense": NaN,
        "Interest Income": 49000.0,
        "Normalized Income": NaN,
        "Net Income From Continuing And Discontinued Operation": NaN,
        "Total Expenses": NaN,
        "Total Operating Income As Reported": NaN,
        "Diluted Average Shares": NaN,
        "Basic Average Shares": NaN,
        "Diluted EPS": NaN,
        "Basic EPS": NaN,
        "Diluted NI Availto Com Stockholders": NaN,
        "Net Income Common Stockholders": NaN,
        "Net Income": NaN,
        "Minority Interests": NaN,
        "Net Income Including Noncontrolling Interests": NaN,
        "Net Income Continuous Operations": NaN,
        "Tax Provision": NaN,
        "Pretax Income": NaN,
        "Other Income Expense": NaN,
        "Special Income Charges": NaN,
        "Gain On Sale Of Ppe": NaN,
        "Earnings From Equity Interest": NaN,
        "Net Non Operating Interest Income Expense": NaN,
        "Total Other Finance Cost": -49000.0,
        "Interest Expense Non Operating": NaN,
        "Interest Income Non Operating": 49000.0,
        "Operating Income": NaN,
        "Operating Expense": NaN,
        "Other Operating Expenses": NaN,
        "Depreciation Amortization Depletion Income Statement": NaN,
        "Depreciation And Amortization In Income Statement": NaN,
        "Depreciation Income Statement": 240000.0,
        "Research And Development": NaN,
        "Selling General And Administration": NaN,
        "General And Administrative Expense": NaN,
        "Other Gand A": NaN,
        "Salaries And Wages": NaN,
        "Gross Profit": NaN,
        "Cost Of Revenue": NaN,
        "Total Revenue": NaN,
        "Operating Revenue": NaN
    },
    "2022-12-31": {
        "Tax Effect Of Unusual Items": NaN,
        "Tax Rate For Calcs": NaN,
        "Normalized EBITDA": NaN,
        "Total Unusual Items": NaN,
        "Total Unusual Items Excluding Goodwill": NaN,
        "Net Income From Continuing Operation Net Minority Interest": NaN,
        "Reconciled Depreciation": NaN,
        "Reconciled Cost Of Revenue": NaN,
        "EBITDA": NaN,
        "EBIT": NaN,
        "Net Interest Income": NaN,
        "Interest Expense": 32000.0,
        "Interest Income": NaN,
        "Normalized Income": NaN,
        "Net Income From Continuing And Discontinued Operation": NaN,
        "Total Expenses": NaN,
        "Total Operating Income As Reported": NaN,
        "Diluted Average Shares": NaN,
        "Basic Average Shares": NaN,
        "Diluted EPS": NaN,
        "Basic EPS": NaN,
        "Diluted NI Availto Com Stockholders": NaN,
        "Net Income Common Stockholders": NaN,
        "Net Income": NaN,
        "Minority Interests": NaN,
        "Net Income Including Noncontrolling Interests": NaN,
        "Net Income Continuous Operations": NaN,
        "Tax Provision": NaN,
        "Pretax Income": NaN,
        "Other Income Expense": NaN,
        "Special Income Charges": NaN,
        "Gain On Sale Of Ppe": NaN,
        "Earnings From Equity Interest": NaN,
        "Net Non Operating Interest Income Expense": NaN,
        "Total Other Finance Cost": NaN,
        "Interest Expense Non Operating": 32000.0,
        "Interest Income Non Operating": NaN,
        "Operating Income": NaN,
        "Operating Expense": NaN,
        "Other Operating Expenses": NaN,
        "Depreciation Amortization Depletion Income Statement": NaN,
        "Depreciation And Amortization In Income Statement": NaN,
        "Depreciation Income Statement": NaN,
        "Research And Development": NaN,
        "Selling General And Administration": NaN,
        "General And Administrative Expense": NaN,
        "Other Gand A": NaN,
        "Salaries And Wages": NaN,
        "Gross Profit": NaN,
        "Cost Of Revenue": NaN,
        "Total Revenue": NaN,
        "Operating Revenue": NaN
    },
    "2022-09-30": {
        "Tax Effect Of Unusual Items": NaN,
        "Tax Rate For Calcs": NaN,
        "Normalized EBITDA": NaN,
        "Total Unusual Items": NaN,
        "Total Unusual Items Excluding Goodwill": NaN,
        "Net Income From Continuing Operation Net Minority Interest": NaN,
        "Reconciled Depreciation": NaN,
        "Reconciled Cost Of Revenue": NaN,
        "EBITDA": NaN,
        "EBIT": NaN,
        "Net Interest Income": NaN,
        "Interest Expense": 42000.0,
        "Interest Income": NaN,
        "Normalized Income": NaN,
        "Net Income From Continuing And Discontinued Operation": NaN,
        "Total Expenses": NaN,
        "Total Operating Income As Reported": NaN,
        "Diluted Average Shares": NaN,
        "Basic Average Shares": NaN,
        "Diluted EPS": NaN,
        "Basic EPS": NaN,
        "Diluted NI Availto Com Stockholders": NaN,
        "Net Income Common Stockholders": NaN,
        "Net Income": NaN,
        "Net Income Including Noncontrolling Interests": NaN,
        "Net Income Continuous Operations": NaN,
        "Tax Provision": NaN,
        "Pretax Income": NaN,
        "Other Income Expense": NaN,
        "Special Income Charges": NaN,
        "Gain On Sale Of Ppe": NaN,
        "Earnings From Equity Interest": NaN,
        "Net Non Operating Interest Income Expense": NaN,
        "Total Other Finance Cost": NaN,
        "Interest Expense Non Operating": 42000.0,
        "Interest Income Non Operating": NaN,
        "Operating Income": NaN,
        "Operating Expense": NaN,
        "Other Operating Expenses": NaN,
        "Depreciation Amortization Depletion Income Statement": NaN,
        "Depreciation And Amortization In Income Statement": NaN,
        "Depreciation Income Statement": NaN,
        "Research And Development": NaN,
        "Selling General And Administration": NaN,
        "General And Administrative Expense": NaN,
        "Other Gand A": NaN,
        "Salaries And Wages": NaN,
        "Gross Profit": NaN,
        "Cost Of Revenue": NaN,
        "Total Revenue": NaN,
        "Operating Revenue": NaN
    },
    "2022-06-30": {
        "Tax Effect Of Unusual Items": 33364.553314,
        "Tax Rate For Calcs": 0.303314,
        "Normalized EBITDA": 5076000.0,
        "Total Unusual Items": 110000.0,
        "Total Unusual Items Excluding Goodwill": 110000.0,
        "Net Income From Continuing Operation Net Minority Interest": 967000.0,
        "Reconciled Depreciation": 3739000.0,
        "Reconciled Cost Of Revenue": 9424000.0,
        "EBITDA": 5186000.0,
        "EBIT": 1447000.0,
        "Net Interest Income": -59000.0,
        "Interest Expense": 59000.0,
        "Normalized Income": 890364.553314,
        "Net Income From Continuing And Discontinued Operation": 967000.0,
        "Total Expenses": 32419000.0,
        "Total Operating Income As Reported": 1001000.0,
        "Diluted Average Shares": 39752928.0,
        "Basic Average Shares": 38773580.0,
        "Diluted EPS": 0.02,
        "Basic EPS": 0.02,
        "Diluted NI Availto Com Stockholders": 967000.0,
        "Net Income Common Stockholders": 967000.0,
        "Net Income": 967000.0,
        "Net Income Including Noncontrolling Interests": 967000.0,
        "Net Income Continuous Operations": 967000.0,
        "Tax Provision": 421000.0,
        "Pretax Income": 1388000.0,
        "Other Income Expense": 556000.0,
        "Special Income Charges": 110000.0,
        "Gain On Sale Of Ppe": 110000.0,
        "Earnings From Equity Interest": 446000.0,
        "Net Non Operating Interest Income Expense": -59000.0,
        "Total Other Finance Cost": NaN,
        "Interest Expense Non Operating": 59000.0,
        "Operating Income": 891000.0,
        "Operating Expense": 19499000.0,
        "Other Operating Expenses": -223000.0,
        "Depreciation Amortization Depletion Income Statement": 243000.0,
        "Depreciation And Amortization In Income Statement": 243000.0,
        "Depreciation Income Statement": 243000.0,
        "Research And Development": 672000.0,
        "Selling General And Administration": 18807000.0,
        "General And Administrative Expense": 18807000.0,
        "Other Gand A": 17536000.0,
        "Salaries And Wages": 1271000.0,
        "Gross Profit": 20390000.0,
        "Cost Of Revenue": 12920000.0,
        "Total Revenue": 33310000.0,
        "Operating Revenue": 33310000.0
    },
    "2022-03-31": {
        "Diluted EPS": 0.04,
        "Total Revenue": 32,
        "Gross Profit": 20,
        "Operating Income": 2,
        "EBIT": 5,
        "Net Income": 2
    },
    "2021-12-31": {
        "Diluted EPS": 0.1,
        "Total Revenue": 32,
        "Gross Profit": 20,
        "Operating Income": 3,
        "EBIT": 6,
        "Net Income": 4
    },
    "2021-09-30": {
        "Diluted EPS": 0.04,
        "Total Revenue": 29,
        "Gross Profit": 18,
        "Operating Income": 3,
        "EBIT": 6,
        "Net Income": 2
    },
    "2021-06-30": {
        "Diluted EPS": 0.04,
        "Total Revenue": 27,
        "Gross Profit": 18,
        "Operating Income": 3,
        "EBIT": 5,
        "Net Income": 2
    },
    "2021-03-31": {
        "Diluted EPS": 0.04,
        "Total Revenue": 28,
        "Gross Profit": 18,
        "Operating Income": 1,
        "EBIT": 4,
        "Net Income": 2
    },
    "2020-12-31": {
        "Diluted EPS": 0.12,
        "Total Revenue": 31,
        "Gross Profit": 19,
        "Operating Income": 5,
        "EBIT": 8,
        "Net Income": 5
    },
    "2020-09-30": {
        "Diluted EPS": 0.07,
        "Total Revenue": 33,
        "Gross Profit": 19,
        "Operating Income": 4,
        "EBIT": 7,
        "Net Income": 3
    },
    "2020-06-30": {
        "Diluted EPS": 0.48,
        "Total Revenue": 43,
        "Gross Profit": 26,
        "Operating Income": 8,
        "EBIT": 10,
        "Net Income": 19
    },
    "2020-03-31": {
        "Diluted EPS": 0.11,
        "Total Revenue": 24,
        "Gross Profit": 16,
        "Operating Income": 3,
        "EBIT": 6,
        "Net Income": 4
    },
    "2019-12-31": {
        "Diluted EPS": 0.06,
        "Total Revenue": 21,
        "Gross Profit": 14,
        "Operating Income": 3,
        "EBIT": 5,
        "Net Income": 2
    },
    "2019-09-30": {
        "Diluted EPS": 0.07,
        "Total Revenue": 20,
        "Gross Profit": 14,
        "Operating Income": 2,
        "EBIT": 4,
        "Net Income": 3
    },
    "2019-06-30": {
        "Diluted EPS": 0.03,
        "Total Revenue": 20,
        "Gross Profit": 15,
        "Operating Income": 2,
        "EBIT": 3,
        "Net Income": 1
    },
    "2019-03-31": {
        "Diluted EPS": 0.05,
        "Total Revenue": 18,
        "Gross Profit": 13,
        "Operating Income": 2,
        "EBIT": 4,
        "Net Income": 2
    },
    "2018-12-31": {
        "Diluted EPS": 0.08,
        "Total Revenue": 18,
        "Gross Profit": 14,
        "Operating Income": 3,
        "EBIT": 4,
        "Net Income": 3
    },
    "2018-09-30": {
        "Diluted EPS": 0.06,
        "Total Revenue": 17,
        "Gross Profit": 13,
        "Operating Income": 3,
        "EBIT": 4,
        "Net Income": 2
    },
    "2018-06-30": {
        "Diluted EPS": 0.06,
        "Total Revenue": 16,
        "Gross Profit": 11,
        "Operating Income": 3,
        "EBIT": 4,
        "Net Income": 2
    },
    "2018-03-31": {
        "Diluted EPS": 0.06,
        "Total Revenue": 14,
        "Gross Profit": 11,
        "Operating Income": 2,
        "EBIT": 3,
        "Net Income": 2
    },
    "2017-12-31": {
        "Diluted EPS": 0.0,
        "Total Revenue": NaN,
        "Gross Profit": NaN,
        "Operating Income": NaN,
        "EBIT": NaN,
        "Net Income": NaN
    },
    "2023-06-30": {
        "Tax Effect Of Unusual Items": NaN,
        "Tax Rate For Calcs": NaN,
        "Normalized EBITDA": NaN,
        "Total Unusual Items": NaN,
        "Total Unusual Items Excluding Goodwill": NaN,
        "Net Income From Continuing Operation Net Minority Interest": NaN,
        "Reconciled Depreciation": NaN,
        "Reconciled Cost Of Revenue": NaN,
        "EBITDA": NaN,
        "EBIT": NaN,
        "Net Interest Income": NaN,
        "Interest Expense": NaN,
        "Interest Income": NaN,
        "Normalized Income": NaN,
        "Net Income From Continuing And Discontinued Operation": NaN,
        "Total Expenses": NaN,
        "Total Operating Income As Reported": NaN,
        "Diluted Average Shares": 40676951.0,
        "Basic Average Shares": 38324249.0,
        "Diluted EPS": 0.06,
        "Basic EPS": 0.06,
        "Diluted NI Availto Com Stockholders": NaN,
        "Net Income Common Stockholders": NaN,
        "Net Income": NaN,
        "Minority Interests": 0.0,
        "Net Income Including Noncontrolling Interests": NaN,
        "Net Income Continuous Operations": NaN,
        "Tax Provision": NaN,
        "Pretax Income": NaN,
        "Other Income Expense": NaN,
        "Special Income Charges": NaN,
        "Gain On Sale Of Ppe": NaN,
        "Earnings From Equity Interest": NaN,
        "Net Non Operating Interest Income Expense": NaN,
        "Total Other Finance Cost": -20000.0,
        "Interest Expense Non Operating": NaN,
        "Interest Income Non Operating": NaN,
        "Operating Income": NaN,
        "Operating Expense": NaN,
        "Other Operating Expenses": NaN,
        "Depreciation Amortization Depletion Income Statement": NaN,
        "Depreciation And Amortization In Income Statement": NaN,
        "Depreciation Income Statement": 298000.0,
        "Research And Development": NaN,
        "Selling General And Administration": NaN,
        "General And Administrative Expense": NaN,
        "Other Gand A": NaN,
        "Salaries And Wages": NaN,
        "Gross Profit": NaN,
        "Cost Of Revenue": NaN,
        "Total Revenue": NaN,
        "Operating Revenue": NaN
    },
    "2023-09-30": {
        "Tax Effect Of Unusual Items": -86567.586695,
        "Tax Rate For Calcs": 0.311394,
        "Normalized EBITDA": 10729000.0,
        "Total Unusual Items": -278000.0,
        "Total Unusual Items Excluding Goodwill": -278000.0,
        "Net Income From Continuing Operation Net Minority Interest": 2919000.0,
        "Reconciled Depreciation": 5975000.0,
        "Reconciled Cost Of Revenue": 13284000.0,
        "EBITDA": 10451000.0,
        "EBIT": 4476000.0,
        "Net Interest Income": -237000.0,
        "Interest Expense": 237000.0,
        "Interest Income": NaN,
        "Normalized Income": 3110432.413305,
        "Net Income From Continuing And Discontinued Operation": 2919000.0,
        "Total Expenses": 44918000.0,
        "Total Operating Income As Reported": 4206000.0,
        "Diluted Average Shares": 40420615.0,
        "Basic Average Shares": 38438058.0,
        "Diluted EPS": 0.07,
        "Basic EPS": 0.08,
        "Diluted NI Availto Com Stockholders": 2919000.0,
        "Net Income Common Stockholders": 2919000.0,
        "Net Income": 2919000.0,
        "Minority Interests": 0.0,
        "Net Income Including Noncontrolling Interests": 2919000.0,
        "Net Income Continuous Operations": 2919000.0,
        "Tax Provision": 1320000.0,
        "Pretax Income": 4239000.0,
        "Other Income Expense": -8000.0,
        "Special Income Charges": -278000.0,
        "Gain On Sale Of Ppe": -278000.0,
        "Earnings From Equity Interest": 270000.0,
        "Net Non Operating Interest Income Expense": -237000.0,
        "Total Other Finance Cost": NaN,
        "Interest Expense Non Operating": 237000.0,
        "Interest Income Non Operating": NaN,
        "Operating Income": 4484000.0,
        "Operating Expense": 26078000.0,
        "Other Operating Expenses": -41000.0,
        "Depreciation Amortization Depletion Income Statement": 419000.0,
        "Depreciation And Amortization In Income Statement": 419000.0,
        "Depreciation Income Statement": 419000.0,
        "Research And Development": 593000.0,
        "Selling General And Administration": 25107000.0,
        "General And Administrative Expense": 25107000.0,
        "Other Gand A": 23654000.0,
        "Salaries And Wages": 1453000.0,
        "Gross Profit": 30562000.0,
        "Cost Of Revenue": 18840000.0,
        "Total Revenue": 49402000.0,
        "Operating Revenue": 49402000.0
    },
    "2023-12-31": {
        "Tax Effect Of Unusual Items": -85683.21513,
        "Tax Rate For Calcs": 0.315012,
        "Normalized EBITDA": 11523000.0,
        "Total Unusual Items": -272000.0,
        "Total Unusual Items Excluding Goodwill": -272000.0,
        "Net Income From Continuing Operation Net Minority Interest": 3477000.0,
        "Reconciled Depreciation": 5919000.0,
        "Reconciled Cost Of Revenue": 13143000.0,
        "EBITDA": 11251000.0,
        "EBIT": 5332000.0,
        "Net Interest Income": -256000.0,
        "Interest Expense": 256000.0,
        "Interest Income": NaN,
        "Normalized Income": 3663316.78487,
        "Net Income From Continuing And Discontinued Operation": 3477000.0,
        "Total Expenses": 45178000.0,
        "Total Operating Income As Reported": 5289000.0,
        "Diluted Average Shares": NaN,
        "Basic Average Shares": NaN,
        "Diluted EPS": NaN,
        "Basic EPS": NaN,
        "Diluted NI Availto Com Stockholders": 3477000.0,
        "Net Income Common Stockholders": 3477000.0,
        "Net Income": 3477000.0,
        "Minority Interests": NaN,
        "Net Income Including Noncontrolling Interests": 3477000.0,
        "Net Income Continuous Operations": 3477000.0,
        "Tax Provision": 1599000.0,
        "Pretax Income": 5076000.0,
        "Other Income Expense": -229000.0,
        "Special Income Charges": -272000.0,
        "Gain On Sale Of Ppe": -272000.0,
        "Earnings From Equity Interest": 43000.0,
        "Net Non Operating Interest Income Expense": -256000.0,
        "Total Other Finance Cost": NaN,
        "Interest Expense Non Operating": 256000.0,
        "Interest Income Non Operating": NaN,
        "Operating Income": 5561000.0,
        "Operating Expense": 26550000.0,
        "Other Operating Expenses": 26000.0,
        "Depreciation Amortization Depletion Income Statement": 434000.0,
        "Depreciation And Amortization In Income Statement": 434000.0,
        "Depreciation Income Statement": NaN,
        "Research And Development": 651000.0,
        "Selling General And Administration": 25439000.0,
        "General And Administrative Expense": 25439000.0,
        "Other Gand A": 23905000.0,
        "Salaries And Wages": 1534000.0,
        "Gross Profit": 32111000.0,
        "Cost Of Revenue": 18628000.0,
        "Total Revenue": 50739000.0,
        "Operating Revenue": 50739000.0
    },
    "2024-03-31": {
        "Tax Effect Of Unusual Items": -52019.80198,
        "Tax Rate For Calcs": 0.244224,
        "Normalized EBITDA": 8769000.0,
        "Total Unusual Items": -213000.0,
        "Total Unusual Items Excluding Goodwill": -213000.0,
        "Net Income From Continuing Operation Net Minority Interest": 1603000.0,
        "Reconciled Depreciation": 6285000.0,
        "Reconciled Cost Of Revenue": 14921000.0,
        "EBITDA": 8556000.0,
        "EBIT": 2271000.0,
        "Net Interest Income": -150000.0,
        "Interest Expense": 150000.0,
        "Interest Income": NaN,
        "Normalized Income": 1763980.19802,
        "Net Income From Continuing And Discontinued Operation": 1603000.0,
        "Total Expenses": 48176000.0,
        "Total Operating Income As Reported": 2204000.0,
        "Diluted Average Shares": 40580634.0,
        "Basic Average Shares": 38717123.0,
        "Diluted EPS": 0.04,
        "Basic EPS": 0.04,
        "Diluted NI Availto Com Stockholders": 1603000.0,
        "Net Income Common Stockholders": 1603000.0,
        "Net Income": 1603000.0,
        "Minority Interests": NaN,
        "Net Income Including Noncontrolling Interests": 1603000.0,
        "Net Income Continuous Operations": 1603000.0,
        "Tax Provision": 518000.0,
        "Pretax Income": 2121000.0,
        "Other Income Expense": -146000.0,
        "Special Income Charges": -213000.0,
        "Gain On Sale Of Ppe": -213000.0,
        "Earnings From Equity Interest": 67000.0,
        "Net Non Operating Interest Income Expense": -150000.0,
        "Total Other Finance Cost": NaN,
        "Interest Expense Non Operating": 150000.0,
        "Interest Income Non Operating": NaN,
        "Operating Income": 2417000.0,
        "Operating Expense": 27385000.0,
        "Other Operating Expenses": -26000.0,
        "Depreciation Amortization Depletion Income Statement": 415000.0,
        "Depreciation And Amortization In Income Statement": 415000.0,
        "Depreciation Income Statement": 415000.0,
        "Research And Development": 750000.0,
        "Selling General And Administration": 26246000.0,
        "General And Administrative Expense": 26246000.0,
        "Other Gand A": 24814000.0,
        "Salaries And Wages": 1432000.0,
        "Gross Profit": 29802000.0,
        "Cost Of Revenue": 20791000.0,
        "Total Revenue": 50593000.0,
        "Operating Revenue": 50593000.0
    },
    "2024-06-30": {
        "Tax Effect Of Unusual Items": 186440.979955,
        "Tax Rate For Calcs": 0.342094,
        "Normalized EBITDA": 8835000.0,
        "Total Unusual Items": 545000.0,
        "Total Unusual Items Excluding Goodwill": 545000.0,
        "Net Income From Continuing Operation Net Minority Interest": 1468000.0,
        "Reconciled Depreciation": 6309000.0,
        "Reconciled Cost Of Revenue": 16141000.0,
        "EBITDA": 9380000.0,
        "EBIT": 3071000.0,
        "Net Interest Income": -254000.0,
        "Interest Expense": NaN,
        "Interest Income": NaN,
        "Normalized Income": 1109440.979955,
        "Net Income From Continuing And Discontinued Operation": 1468000.0,
        "Total Expenses": 51894000.0,
        "Total Operating Income As Reported": 3616000.0,
        "Diluted Average Shares": 40553449.0,
        "Basic Average Shares": 38822980.0,
        "Diluted EPS": 0.04,
        "Basic EPS": 0.04,
        "Diluted NI Availto Com Stockholders": 1468000.0,
        "Net Income Common Stockholders": 1468000.0,
        "Net Income": 1468000.0,
        "Minority Interests": -9000.0,
        "Net Income Including Noncontrolling Interests": 1477000.0,
        "Net Income Continuous Operations": 1477000.0,
        "Tax Provision": 768000.0,
        "Pretax Income": 2245000.0,
        "Other Income Expense": -572000.0,
        "Special Income Charges": 545000.0,
        "Gain On Sale Of Ppe": 545000.0,
        "Earnings From Equity Interest": -1117000.0,
        "Net Non Operating Interest Income Expense": -254000.0,
        "Total Other Finance Cost": 254000.0,
        "Interest Expense Non Operating": NaN,
        "Interest Income Non Operating": NaN,
        "Operating Income": 3071000.0,
        "Operating Expense": 29821000.0,
        "Other Operating Expenses": 563000.0,
        "Depreciation Amortization Depletion Income Statement": 377000.0,
        "Depreciation And Amortization In Income Statement": 377000.0,
        "Depreciation Income Statement": 377000.0,
        "Research And Development": 758000.0,
        "Selling General And Administration": 28123000.0,
        "General And Administrative Expense": 28123000.0,
        "Other Gand A": 26503000.0,
        "Salaries And Wages": 1620000.0,
        "Gross Profit": 32892000.0,
        "Cost Of Revenue": 22073000.0,
        "Total Revenue": 54965000.0,
        "Operating Revenue": 54965000.0
    },
    "2024-09-30": {
        "Tax Effect Of Unusual Items": 135949.445354,
        "Tax Rate For Calcs": 0.289871,
        "Normalized EBITDA": 11663000.0,
        "Total Unusual Items": 469000.0,
        "Total Unusual Items Excluding Goodwill": 469000.0,
        "Net Income From Continuing Operation Net Minority Interest": 3878000.0,
        "Reconciled Depreciation": 6408000.0,
        "Reconciled Cost Of Revenue": 17573000.0,
        "EBITDA": 12132000.0,
        "EBIT": 5724000.0,
        "Net Interest Income": -225000.0,
        "Interest Expense": 225000.0,
        "Interest Income": NaN,
        "Normalized Income": 3544949.445354,
        "Net Income From Continuing And Discontinued Operation": 3878000.0,
        "Total Expenses": 52845000.0,
        "Total Operating Income As Reported": 5628000.0,
        "Diluted Average Shares": 40779414.0,
        "Basic Average Shares": 38870823.0,
        "Diluted EPS": 0.1,
        "Basic EPS": 0.1,
        "Diluted NI Availto Com Stockholders": 3878000.0,
        "Net Income Common Stockholders": 3878000.0,
        "Net Income": 3878000.0,
        "Minority Interests": -27000.0,
        "Net Income Including Noncontrolling Interests": 3905000.0,
        "Net Income Continuous Operations": 3905000.0,
        "Tax Provision": 1594000.0,
        "Pretax Income": 5499000.0,
        "Other Income Expense": 565000.0,
        "Special Income Charges": 469000.0,
        "Gain On Sale Of Ppe": 469000.0,
        "Earnings From Equity Interest": 96000.0,
        "Net Non Operating Interest Income Expense": -225000.0,
        "Total Other Finance Cost": NaN,
        "Interest Expense Non Operating": 225000.0,
        "Interest Income Non Operating": NaN,
        "Operating Income": 5159000.0,
        "Operating Expense": 29212000.0,
        "Other Operating Expenses": -276000.0,
        "Depreciation Amortization Depletion Income Statement": 348000.0,
        "Depreciation And Amortization In Income Statement": 348000.0,
        "Depreciation Income Statement": NaN,
        "Research And Development": 757000.0,
        "Selling General And Administration": 28383000.0,
        "General And Administrative Expense": 28383000.0,
        "Other Gand A": 26671000.0,
        "Salaries And Wages": 1712000.0,
        "Gross Profit": 34371000.0,
        "Cost Of Revenue": 23633000.0,
        "Total Revenue": 58004000.0,
        "Operating Revenue": 58004000.0
    }
}