{
    "2023-03-31": {
        "Tax Effect Of Unusual Items": -8820.0,
        "Tax Rate For Calcs": 0.21,
        "Normalized EBITDA": 2043000.0,
        "Total Unusual Items": -42000.0,
        "Total Unusual Items Excluding Goodwill": -42000.0,
        "Net Income From Continuing Operation Net Minority Interest": -698000.0,
        "Reconciled Depreciation": 2162000.0,
        "Reconciled Cost Of Revenue": 23672000.0,
        "EBITDA": 2001000.0,
        "EBIT": -161000.0,
        "Net Interest Income": 2565000.0,
        "Interest Expense": 121000.0,
        "Interest Income": 2686000.0,
        "Normalized Income": -664820.0,
        "Net Income From Continuing And Discontinued Operation": -698000.0,
        "Total Expenses": 106387000.0,
        "Total Operating Income As Reported": -2805000.0,
        "Diluted Average Shares": 161833000.0,
        "Basic Average Shares": 161833000.0,
        "Diluted EPS": -0.004313,
        "Basic EPS": -0.004313,
        "Diluted NI Availto Com Stockholders": -698000.0,
        "Net Income Common Stockholders": -698000.0,
        "Net Income": -698000.0,
        "Net Income Including Noncontrolling Interests": -698000.0,
        "Net Income Continuous Operations": -698000.0,
        "Tax Provision": 416000.0,
        "Pretax Income": -282000.0,
        "Other Income Expense": -42000.0,
        "Other Non Operating Income Expenses": NaN,
        "Special Income Charges": -37000.0,
        "Gain On Sale Of Ppe": -37000.0,
        "Gain On Sale Of Security": -5000.0,
        "Net Non Operating Interest Income Expense": 2565000.0,
        "Interest Expense Non Operating": 121000.0,
        "Interest Income Non Operating": 2686000.0,
        "Operating Income": -2805000.0,
        "Operating Expense": 82715000.0,
        "Depreciation Amortization Depletion Income Statement": 2162000.0,
        "Depreciation And Amortization In Income Statement": 2162000.0,
        "Amortization": 1234000.0,
        "Amortization Of Intangibles Income Statement": 1234000.0,
        "Depreciation Income Statement": 928000.0,
        "Research And Development": 31260000.0,
        "Selling General And Administration": 49293000.0,
        "Selling And Marketing Expense": 39987000.0,
        "General And Administrative Expense": 9306000.0,
        "Other Gand A": 9306000.0,
        "Gross Profit": 79910000.0,
        "Cost Of Revenue": 23672000.0,
        "Total Revenue": 103582000.0,
        "Operating Revenue": 103582000.0
    },
    "2022-12-31": {
        "Tax Effect Of Unusual Items": 0.0,
        "Tax Rate For Calcs": 0.21,
        "Normalized EBITDA": -3074000.0,
        "Total Unusual Items": NaN,
        "Total Unusual Items Excluding Goodwill": NaN,
        "Net Income From Continuing Operation Net Minority Interest": -5115000.0,
        "Reconciled Depreciation": 1378000.0,
        "Reconciled Cost Of Revenue": 24714000.0,
        "EBITDA": -3074000.0,
        "EBIT": -4452000.0,
        "Net Interest Income": 3742000.0,
        "Interest Expense": 124000.0,
        "Interest Income": NaN,
        "Normalized Income": -5115000.0,
        "Net Income From Continuing And Discontinued Operation": -5115000.0,
        "Total Expenses": 112068000.0,
        "Total Operating Income As Reported": -6504000.0,
        "Diluted Average Shares": 161613000.0,
        "Basic Average Shares": 161613000.0,
        "Diluted EPS": -0.03,
        "Basic EPS": -0.03,
        "Diluted NI Availto Com Stockholders": -5115000.0,
        "Net Income Common Stockholders": -5115000.0,
        "Net Income": -5115000.0,
        "Net Income Including Noncontrolling Interests": -5115000.0,
        "Net Income Continuous Operations": -5115000.0,
        "Tax Provision": 539000.0,
        "Pretax Income": -4576000.0,
        "Other Income Expense": -1814000.0,
        "Other Non Operating Income Expenses": -3707000.0,
        "Special Income Charges": NaN,
        "Gain On Sale Of Ppe": NaN,
        "Gain On Sale Of Security": NaN,
        "Net Non Operating Interest Income Expense": 3742000.0,
        "Interest Expense Non Operating": 124000.0,
        "Interest Income Non Operating": NaN,
        "Operating Income": -6504000.0,
        "Operating Expense": 87354000.0,
        "Depreciation Amortization Depletion Income Statement": 1378000.0,
        "Depreciation And Amortization In Income Statement": 1378000.0,
        "Amortization": 1234000.0,
        "Amortization Of Intangibles Income Statement": 1234000.0,
        "Depreciation Income Statement": 144000.0,
        "Research And Development": 23137000.0,
        "Selling General And Administration": 62839000.0,
        "Selling And Marketing Expense": 40611000.0,
        "General And Administrative Expense": 22228000.0,
        "Other Gand A": 22228000.0,
        "Gross Profit": 80850000.0,
        "Cost Of Revenue": 24714000.0,
        "Total Revenue": 105564000.0,
        "Operating Revenue": 105564000.0
    },
    "2022-09-30": {
        "Tax Effect Of Unusual Items": 0.0,
        "Tax Rate For Calcs": 0.21,
        "Normalized EBITDA": -19308000.0,
        "Total Unusual Items": NaN,
        "Total Unusual Items Excluding Goodwill": NaN,
        "Net Income From Continuing Operation Net Minority Interest": -21416000.0,
        "Reconciled Depreciation": 1375000.0,
        "Reconciled Cost Of Revenue": 25247000.0,
        "EBITDA": -19308000.0,
        "EBIT": -20683000.0,
        "Net Interest Income": -124000.0,
        "Interest Expense": 124000.0,
        "Interest Income": NaN,
        "Normalized Income": -21416000.0,
        "Net Income From Continuing And Discontinued Operation": -21416000.0,
        "Total Expenses": 131015000.0,
        "Total Operating Income As Reported": -22882000.0,
        "Diluted Average Shares": 161529000.0,
        "Basic Average Shares": 161529000.0,
        "Diluted EPS": -0.13,
        "Basic EPS": -0.13,
        "Diluted NI Availto Com Stockholders": -21416000.0,
        "Net Income Common Stockholders": -21416000.0,
        "Net Income": -21416000.0,
        "Net Income Including Noncontrolling Interests": -21416000.0,
        "Net Income Continuous Operations": -21416000.0,
        "Tax Provision": 609000.0,
        "Pretax Income": -20807000.0,
        "Other Income Expense": 2199000.0,
        "Other Non Operating Income Expenses": 2199000.0,
        "Special Income Charges": NaN,
        "Gain On Sale Of Ppe": NaN,
        "Gain On Sale Of Security": NaN,
        "Net Non Operating Interest Income Expense": -124000.0,
        "Interest Expense Non Operating": 124000.0,
        "Interest Income Non Operating": NaN,
        "Operating Income": -22882000.0,
        "Operating Expense": 105768000.0,
        "Depreciation Amortization Depletion Income Statement": 1375000.0,
        "Depreciation And Amortization In Income Statement": 1375000.0,
        "Amortization": 1234000.0,
        "Amortization Of Intangibles Income Statement": 1234000.0,
        "Depreciation Income Statement": 141000.0,
        "Research And Development": 34378000.0,
        "Selling General And Administration": 70015000.0,
        "Selling And Marketing Expense": 43554000.0,
        "General And Administrative Expense": 26461000.0,
        "Other Gand A": 26461000.0,
        "Gross Profit": 82886000.0,
        "Cost Of Revenue": 25247000.0,
        "Total Revenue": 108133000.0,
        "Operating Revenue": 108133000.0
    },
    "2022-06-30": {
        "Tax Effect Of Unusual Items": 0.0,
        "Tax Rate For Calcs": 0.4,
        "Normalized EBITDA": -23247000.0,
        "Total Unusual Items": NaN,
        "Total Unusual Items Excluding Goodwill": NaN,
        "Net Income From Continuing Operation Net Minority Interest": -26502000.0,
        "Reconciled Depreciation": 2878000.0,
        "Reconciled Cost Of Revenue": 26878000.0,
        "EBITDA": -23247000.0,
        "EBIT": -26125000.0,
        "Net Interest Income": -122000.0,
        "Interest Expense": 122000.0,
        "Interest Income": NaN,
        "Normalized Income": -26502000.0,
        "Net Income From Continuing And Discontinued Operation": -26502000.0,
        "Total Expenses": 138274000.0,
        "Total Operating Income As Reported": -27297000.0,
        "Diluted Average Shares": 161455000.0,
        "Basic Average Shares": 161455000.0,
        "Diluted EPS": -0.16,
        "Basic EPS": -0.16,
        "Diluted NI Availto Com Stockholders": -26502000.0,
        "Net Income Common Stockholders": -26502000.0,
        "Net Income": -26502000.0,
        "Net Income Including Noncontrolling Interests": -26502000.0,
        "Net Income Continuous Operations": -26502000.0,
        "Tax Provision": 255000.0,
        "Pretax Income": -26247000.0,
        "Other Income Expense": 1172000.0,
        "Other Non Operating Income Expenses": 1172000.0,
        "Special Income Charges": NaN,
        "Gain On Sale Of Ppe": NaN,
        "Gain On Sale Of Security": NaN,
        "Net Non Operating Interest Income Expense": -122000.0,
        "Interest Expense Non Operating": 122000.0,
        "Interest Income Non Operating": NaN,
        "Operating Income": -27297000.0,
        "Operating Expense": 111396000.0,
        "Depreciation Amortization Depletion Income Statement": 2878000.0,
        "Depreciation And Amortization In Income Statement": 2878000.0,
        "Amortization": 1341000.0,
        "Amortization Of Intangibles Income Statement": 1341000.0,
        "Depreciation Income Statement": 1537000.0,
        "Research And Development": 35728000.0,
        "Selling General And Administration": 72790000.0,
        "Selling And Marketing Expense": 43080000.0,
        "General And Administrative Expense": 29710000.0,
        "Other Gand A": 29710000.0,
        "Gross Profit": 84099000.0,
        "Cost Of Revenue": 26878000.0,
        "Total Revenue": 110977000.0,
        "Operating Revenue": 110977000.0
    },
    "2023-06-30": {
        "Tax Effect Of Unusual Items": -6809.681299,
        "Tax Rate For Calcs": 0.117408,
        "Normalized EBITDA": 8599000.0,
        "Total Unusual Items": -58000.0,
        "Total Unusual Items Excluding Goodwill": -58000.0,
        "Net Income From Continuing Operation Net Minority Interest": 5871000.0,
        "Reconciled Depreciation": 1012000.0,
        "Reconciled Cost Of Revenue": 22845000.0,
        "EBITDA": 8541000.0,
        "EBIT": 7529000.0,
        "Net Interest Income": 2115000.0,
        "Interest Expense": 877000.0,
        "Interest Income": 2992000.0,
        "Normalized Income": 5922190.318701,
        "Net Income From Continuing And Discontinued Operation": 5871000.0,
        "Total Expenses": 97240000.0,
        "Total Operating Income As Reported": 4595000.0,
        "Diluted Average Shares": 164988000.0,
        "Basic Average Shares": 162733000.0,
        "Diluted EPS": 0.03,
        "Basic EPS": 0.04,
        "Diluted NI Availto Com Stockholders": 5871000.0,
        "Net Income Common Stockholders": 5871000.0,
        "Net Income": 5871000.0,
        "Net Income Including Noncontrolling Interests": 5871000.0,
        "Net Income Continuous Operations": 5871000.0,
        "Tax Provision": 781000.0,
        "Pretax Income": 6652000.0,
        "Other Income Expense": -58000.0,
        "Other Non Operating Income Expenses": NaN,
        "Special Income Charges": 0.0,
        "Gain On Sale Of Ppe": 0.0,
        "Gain On Sale Of Security": -58000.0,
        "Net Non Operating Interest Income Expense": 2115000.0,
        "Interest Expense Non Operating": 877000.0,
        "Interest Income Non Operating": 2992000.0,
        "Operating Income": 4595000.0,
        "Operating Expense": 74395000.0,
        "Depreciation Amortization Depletion Income Statement": 1012000.0,
        "Depreciation And Amortization In Income Statement": 1012000.0,
        "Amortization": 910000.0,
        "Amortization Of Intangibles Income Statement": 910000.0,
        "Depreciation Income Statement": 102000.0,
        "Research And Development": 26676000.0,
        "Selling General And Administration": 46707000.0,
        "Selling And Marketing Expense": 39764000.0,
        "General And Administrative Expense": 6943000.0,
        "Other Gand A": 6943000.0,
        "Gross Profit": 78990000.0,
        "Cost Of Revenue": 22845000.0,
        "Total Revenue": 101835000.0,
        "Operating Revenue": 101835000.0
    },
    "2022-03-31": {
        "Diluted EPS": -0.16,
        "Total Revenue": 108,
        "Gross Profit": 82,
        "Operating Income": -26,
        "EBIT": -25,
        "Net Income": -27
    },
    "2021-12-31": {
        "Diluted EPS": -0.15,
        "Total Revenue": 106,
        "Gross Profit": 79,
        "Operating Income": -24,
        "EBIT": -22,
        "Net Income": -24
    },
    "2021-09-30": {
        "Diluted EPS": -0.07,
        "Total Revenue": 100,
        "Gross Profit": 75,
        "Operating Income": -12,
        "EBIT": -10,
        "Net Income": -12
    },
    "2021-06-30": {
        "Diluted EPS": -0.13,
        "Total Revenue": 96,
        "Gross Profit": 70,
        "Operating Income": -20,
        "EBIT": -19,
        "Net Income": -20
    },
    "2021-03-31": {
        "Diluted EPS": 0.02,
        "Total Revenue": 89,
        "Gross Profit": 64,
        "Operating Income": -6,
        "EBIT": -4,
        "Net Income": 3
    },
    "2020-12-31": {
        "Diluted EPS": -0.03,
        "Total Revenue": 84,
        "Gross Profit": 59,
        "Operating Income": -4,
        "EBIT": -1,
        "Net Income": -6
    },
    "2020-09-30": {
        "Diluted EPS": -0.06,
        "Total Revenue": 75,
        "Gross Profit": 52,
        "Operating Income": -8,
        "EBIT": -1,
        "Net Income": -10
    },
    "2020-06-30": {
        "Diluted EPS": -0.09,
        "Total Revenue": 67,
        "Gross Profit": 44,
        "Operating Income": -12,
        "EBIT": -9,
        "Net Income": -15
    },
    "2020-03-31": {
        "Diluted EPS": -0.14,
        "Total Revenue": 57,
        "Gross Profit": 39,
        "Operating Income": -17,
        "EBIT": -14,
        "Net Income": -20
    },
    "2019-12-31": {
        "Diluted EPS": 0.0,
        "Total Revenue": NaN,
        "Gross Profit": NaN,
        "Operating Income": NaN,
        "EBIT": NaN,
        "Net Income": NaN
    },
    "2023-09-30": {
        "Tax Effect Of Unusual Items": 28887.366167,
        "Tax Rate For Calcs": 0.09379,
        "Normalized EBITDA": 9547000.0,
        "Total Unusual Items": 308000.0,
        "Total Unusual Items Excluding Goodwill": 308000.0,
        "Net Income From Continuing Operation Net Minority Interest": 8464000.0,
        "Reconciled Depreciation": 515000.0,
        "Reconciled Cost Of Revenue": 21802000.0,
        "EBITDA": 9855000.0,
        "EBIT": 9340000.0,
        "Net Interest Income": 3349000.0,
        "Interest Expense": 0.0,
        "Interest Income": 3349000.0,
        "Normalized Income": 8184887.366167,
        "Net Income From Continuing And Discontinued Operation": 8464000.0,
        "Total Expenses": 100570000.0,
        "Total Operating Income As Reported": 5683000.0,
        "Diluted Average Shares": 165906000.0,
        "Basic Average Shares": 163877000.0,
        "Diluted EPS": 0.05,
        "Basic EPS": 0.05,
        "Diluted NI Availto Com Stockholders": 8464000.0,
        "Net Income Common Stockholders": 8464000.0,
        "Net Income": 8464000.0,
        "Net Income Including Noncontrolling Interests": 8464000.0,
        "Net Income Continuous Operations": 8464000.0,
        "Tax Provision": 876000.0,
        "Pretax Income": 9340000.0,
        "Other Income Expense": 308000.0,
        "Other Non Operating Income Expenses": NaN,
        "Special Income Charges": 0.0,
        "Gain On Sale Of Ppe": 0.0,
        "Gain On Sale Of Security": 308000.0,
        "Net Non Operating Interest Income Expense": 3349000.0,
        "Interest Expense Non Operating": 0.0,
        "Interest Income Non Operating": 3349000.0,
        "Operating Income": 5683000.0,
        "Operating Expense": 78768000.0,
        "Depreciation Amortization Depletion Income Statement": 515000.0,
        "Depreciation And Amortization In Income Statement": 515000.0,
        "Amortization": 347000.0,
        "Amortization Of Intangibles Income Statement": 347000.0,
        "Depreciation Income Statement": 168000.0,
        "Research And Development": 23153000.0,
        "Selling General And Administration": 55100000.0,
        "Selling And Marketing Expense": 36704000.0,
        "General And Administrative Expense": 18396000.0,
        "Other Gand A": 18396000.0,
        "Gross Profit": 84451000.0,
        "Cost Of Revenue": 21802000.0,
        "Total Revenue": 106253000.0,
        "Operating Revenue": 106253000.0
    },
    "2023-12-31": {
        "Tax Effect Of Unusual Items": 1226.388436,
        "Tax Rate For Calcs": 0.087599,
        "Normalized EBITDA": 10334000.0,
        "Total Unusual Items": 14000.0,
        "Total Unusual Items Excluding Goodwill": 14000.0,
        "Net Income From Continuing Operation Net Minority Interest": 8395000.0,
        "Reconciled Depreciation": 1147000.0,
        "Reconciled Cost Of Revenue": 23257000.0,
        "EBITDA": 10348000.0,
        "EBIT": 9201000.0,
        "Net Interest Income": 3613000.0,
        "Interest Expense": 0.0,
        "Interest Income": 3613000.0,
        "Normalized Income": 8382226.388436,
        "Net Income From Continuing And Discontinued Operation": 8395000.0,
        "Total Expenses": 99970000.0,
        "Total Operating Income As Reported": 5574000.0,
        "Diluted Average Shares": NaN,
        "Basic Average Shares": NaN,
        "Diluted EPS": NaN,
        "Basic EPS": NaN,
        "Diluted NI Availto Com Stockholders": 7926000.0,
        "Net Income Common Stockholders": 7926000.0,
        "Net Income": 8395000.0,
        "Net Income Including Noncontrolling Interests": 8395000.0,
        "Net Income Continuous Operations": 8395000.0,
        "Tax Provision": 806000.0,
        "Pretax Income": 9201000.0,
        "Other Income Expense": 14000.0,
        "Other Non Operating Income Expenses": NaN,
        "Special Income Charges": 0.0,
        "Gain On Sale Of Ppe": 0.0,
        "Gain On Sale Of Security": 14000.0,
        "Net Non Operating Interest Income Expense": 3613000.0,
        "Interest Expense Non Operating": 0.0,
        "Interest Income Non Operating": 3613000.0,
        "Operating Income": 5574000.0,
        "Operating Expense": 76713000.0,
        "Depreciation Amortization Depletion Income Statement": 1147000.0,
        "Depreciation And Amortization In Income Statement": 1147000.0,
        "Amortization": 348000.0,
        "Amortization Of Intangibles Income Statement": 348000.0,
        "Depreciation Income Statement": 799000.0,
        "Research And Development": 25985000.0,
        "Selling General And Administration": 49581000.0,
        "Selling And Marketing Expense": 35032000.0,
        "General And Administrative Expense": 14549000.0,
        "Other Gand A": 14549000.0,
        "Gross Profit": 82287000.0,
        "Cost Of Revenue": 23257000.0,
        "Total Revenue": 105544000.0,
        "Operating Revenue": 105544000.0
    }
}