{
    "2023-04-30": {
        "Tax Effect Of Unusual Items": NaN,
        "Tax Rate For Calcs": NaN,
        "Normalized EBITDA": NaN,
        "Total Unusual Items": NaN,
        "Total Unusual Items Excluding Goodwill": NaN,
        "Net Income From Continuing Operation Net Minority Interest": NaN,
        "Reconciled Depreciation": NaN,
        "Reconciled Cost Of Revenue": NaN,
        "EBITDA": NaN,
        "EBIT": NaN,
        "Net Interest Income": NaN,
        "Interest Expense": NaN,
        "Normalized Income": NaN,
        "Net Income From Continuing And Discontinued Operation": NaN,
        "Total Expenses": NaN,
        "Total Operating Income As Reported": NaN,
        "Diluted Average Shares": NaN,
        "Basic Average Shares": NaN,
        "Diluted EPS": NaN,
        "Basic EPS": NaN,
        "Diluted NI Availto Com Stockholders": NaN,
        "Net Income Common Stockholders": NaN,
        "Net Income": NaN,
        "Net Income Including Noncontrolling Interests": NaN,
        "Net Income Continuous Operations": NaN,
        "Earnings From Equity Interest Net Of Tax": NaN,
        "Tax Provision": NaN,
        "Pretax Income": NaN,
        "Other Income Expense": 765000.0,
        "Special Income Charges": NaN,
        "Gain On Sale Of Ppe": NaN,
        "Gain On Sale Of Business": NaN,
        "Impairment Of Capital Assets": NaN,
        "Net Non Operating Interest Income Expense": NaN,
        "Interest Expense Non Operating": NaN,
        "Operating Income": NaN,
        "Operating Expense": NaN,
        "Selling General And Administration": NaN,
        "Gross Profit": NaN,
        "Cost Of Revenue": NaN,
        "Total Revenue": NaN,
        "Operating Revenue": NaN
    },
    "2023-01-31": {
        "Tax Effect Of Unusual Items": NaN,
        "Tax Rate For Calcs": NaN,
        "Normalized EBITDA": NaN,
        "Total Unusual Items": NaN,
        "Total Unusual Items Excluding Goodwill": NaN,
        "Net Income From Continuing Operation Net Minority Interest": NaN,
        "Reconciled Depreciation": NaN,
        "Reconciled Cost Of Revenue": NaN,
        "EBITDA": NaN,
        "EBIT": NaN,
        "Net Interest Income": NaN,
        "Interest Expense": NaN,
        "Normalized Income": NaN,
        "Net Income From Continuing And Discontinued Operation": NaN,
        "Total Expenses": NaN,
        "Total Operating Income As Reported": NaN,
        "Diluted Average Shares": NaN,
        "Basic Average Shares": NaN,
        "Diluted EPS": NaN,
        "Basic EPS": NaN,
        "Diluted NI Availto Com Stockholders": NaN,
        "Net Income Common Stockholders": NaN,
        "Net Income": NaN,
        "Net Income Including Noncontrolling Interests": NaN,
        "Net Income Continuous Operations": NaN,
        "Earnings From Equity Interest Net Of Tax": NaN,
        "Tax Provision": NaN,
        "Pretax Income": NaN,
        "Other Income Expense": 606000.0,
        "Special Income Charges": NaN,
        "Gain On Sale Of Ppe": NaN,
        "Gain On Sale Of Business": NaN,
        "Impairment Of Capital Assets": 1014000.0,
        "Net Non Operating Interest Income Expense": NaN,
        "Interest Expense Non Operating": NaN,
        "Operating Income": NaN,
        "Operating Expense": NaN,
        "Selling General And Administration": NaN,
        "Gross Profit": NaN,
        "Cost Of Revenue": NaN,
        "Total Revenue": NaN,
        "Operating Revenue": NaN
    },
    "2022-10-31": {
        "Tax Effect Of Unusual Items": NaN,
        "Tax Rate For Calcs": NaN,
        "Normalized EBITDA": NaN,
        "Total Unusual Items": NaN,
        "Total Unusual Items Excluding Goodwill": NaN,
        "Net Income From Continuing Operation Net Minority Interest": NaN,
        "Reconciled Depreciation": NaN,
        "Reconciled Cost Of Revenue": NaN,
        "EBITDA": NaN,
        "EBIT": NaN,
        "Net Interest Income": NaN,
        "Interest Expense": NaN,
        "Normalized Income": NaN,
        "Net Income From Continuing And Discontinued Operation": NaN,
        "Total Expenses": NaN,
        "Total Operating Income As Reported": NaN,
        "Diluted Average Shares": NaN,
        "Basic Average Shares": NaN,
        "Diluted EPS": NaN,
        "Basic EPS": NaN,
        "Diluted NI Availto Com Stockholders": NaN,
        "Net Income Common Stockholders": NaN,
        "Net Income": NaN,
        "Net Income Including Noncontrolling Interests": NaN,
        "Net Income Continuous Operations": NaN,
        "Earnings From Equity Interest Net Of Tax": 0.0,
        "Tax Provision": NaN,
        "Pretax Income": NaN,
        "Other Income Expense": NaN,
        "Special Income Charges": NaN,
        "Gain On Sale Of Ppe": NaN,
        "Gain On Sale Of Business": NaN,
        "Impairment Of Capital Assets": 0.0,
        "Net Non Operating Interest Income Expense": NaN,
        "Interest Expense Non Operating": NaN,
        "Operating Income": NaN,
        "Operating Expense": NaN,
        "Selling General And Administration": NaN,
        "Gross Profit": NaN,
        "Cost Of Revenue": NaN,
        "Total Revenue": NaN,
        "Operating Revenue": NaN
    },
    "2022-07-31": {
        "Tax Effect Of Unusual Items": -1026400.0,
        "Tax Rate For Calcs": 0.4,
        "Normalized EBITDA": -1110000.0,
        "Total Unusual Items": -2566000.0,
        "Total Unusual Items Excluding Goodwill": -2566000.0,
        "Net Income From Continuing Operation Net Minority Interest": -14989000.0,
        "Reconciled Depreciation": 1528000.0,
        "Reconciled Cost Of Revenue": 52822000.0,
        "EBITDA": -3676000.0,
        "EBIT": -5204000.0,
        "Net Interest Income": -1882000.0,
        "Interest Expense": 1882000.0,
        "Normalized Income": -13449400.0,
        "Net Income From Continuing And Discontinued Operation": -14989000.0,
        "Total Expenses": 91832000.0,
        "Total Operating Income As Reported": -5204000.0,
        "Diluted Average Shares": 12220693.0,
        "Basic Average Shares": 12220693.0,
        "Diluted EPS": -1.23,
        "Basic EPS": -1.23,
        "Diluted NI Availto Com Stockholders": -14989000.0,
        "Net Income Common Stockholders": -14989000.0,
        "Net Income": -14989000.0,
        "Net Income Including Noncontrolling Interests": -14989000.0,
        "Net Income Continuous Operations": -14989000.0,
        "Earnings From Equity Interest Net Of Tax": NaN,
        "Tax Provision": 7903000.0,
        "Pretax Income": -7086000.0,
        "Other Income Expense": -2566000.0,
        "Special Income Charges": -2566000.0,
        "Gain On Sale Of Ppe": NaN,
        "Impairment Of Capital Assets": 2566000.0,
        "Net Non Operating Interest Income Expense": -1882000.0,
        "Interest Expense Non Operating": 1882000.0,
        "Operating Income": -2638000.0,
        "Operating Expense": 39010000.0,
        "Selling General And Administration": 39010000.0,
        "Gross Profit": 36372000.0,
        "Cost Of Revenue": 52822000.0,
        "Total Revenue": 89194000.0,
        "Operating Revenue": 89194000.0
    },
    "2022-04-30": {
        "Diluted EPS": -0.6,
        "Total Revenue": 78,
        "Gross Profit": 36,
        "Operating Income": -5,
        "EBIT": -4,
        "Net Income": -7
    },
    "2022-01-31": {
        "Diluted EPS": -0.22,
        "Total Revenue": 99,
        "Gross Profit": 44,
        "Operating Income": 2,
        "EBIT": 4,
        "Net Income": -3
    },
    "2021-10-31": {
        "Diluted EPS": 0.18,
        "Total Revenue": 87,
        "Gross Profit": 42,
        "Operating Income": 3,
        "EBIT": 5,
        "Net Income": 2
    },
    "2021-07-31": {
        "Diluted EPS": -0.05,
        "Total Revenue": 79,
        "Gross Profit": 35,
        "Operating Income": 3,
        "EBIT": 4,
        "Net Income": -1
    },
    "2021-04-30": {
        "Diluted EPS": -0.98,
        "Total Revenue": 58,
        "Gross Profit": 25,
        "Operating Income": -7,
        "EBIT": -5,
        "Net Income": -12
    },
    "2021-01-31": {
        "Diluted EPS": -0.6,
        "Total Revenue": 75,
        "Gross Profit": 28,
        "Operating Income": -4,
        "EBIT": -2,
        "Net Income": -7
    },
    "2020-10-31": {
        "Diluted EPS": 0.42,
        "Total Revenue": 69,
        "Gross Profit": 32,
        "Operating Income": 6,
        "EBIT": 8,
        "Net Income": 5
    },
    "2020-07-31": {
        "Diluted EPS": -1.28,
        "Total Revenue": 37,
        "Gross Profit": 13,
        "Operating Income": -14,
        "EBIT": -12,
        "Net Income": -15
    },
    "2020-04-30": {
        "Diluted EPS": -4.12,
        "Total Revenue": 39,
        "Gross Profit": 16,
        "Operating Income": -49,
        "EBIT": -33,
        "Net Income": -48
    },
    "2020-01-31": {
        "Diluted EPS": 4.39,
        "Total Revenue": 104,
        "Gross Profit": 46,
        "Operating Income": -3,
        "EBIT": -1,
        "Net Income": 52
    },
    "2019-10-31": {
        "Diluted EPS": 0.5,
        "Total Revenue": 105,
        "Gross Profit": 51,
        "Operating Income": 8,
        "EBIT": 10,
        "Net Income": 6
    },
    "2019-07-31": {
        "Diluted EPS": -1.67,
        "Total Revenue": 92,
        "Gross Profit": 43,
        "Operating Income": -18,
        "EBIT": 4,
        "Net Income": -20
    },
    "2019-04-30": {
        "Diluted EPS": -0.67,
        "Total Revenue": 74,
        "Gross Profit": 38,
        "Operating Income": -6,
        "EBIT": -3,
        "Net Income": -8
    },
    "2019-01-31": {
        "Diluted EPS": 0.08,
        "Total Revenue": 161,
        "Gross Profit": 75,
        "Operating Income": 3,
        "EBIT": 9,
        "Net Income": 1
    },
    "2018-10-31": {
        "Diluted EPS": 0.57,
        "Total Revenue": 84,
        "Gross Profit": 41,
        "Operating Income": 9,
        "EBIT": 11,
        "Net Income": 7
    },
    "2018-07-31": {
        "Diluted EPS": -0.33,
        "Total Revenue": 63,
        "Gross Profit": 28,
        "Operating Income": -2,
        "EBIT": 0,
        "Net Income": -4
    },
    "2018-04-30": {
        "Diluted EPS": -0.49,
        "Total Revenue": 55,
        "Gross Profit": 26,
        "Operating Income": -4,
        "EBIT": -2,
        "Net Income": -6
    },
    "2018-01-31": {
        "Diluted EPS": 11.22,
        "Total Revenue": 75,
        "Gross Profit": 34,
        "Operating Income": -7,
        "EBIT": -3,
        "Net Income": 75
    },
    "2017-10-31": {
        "Diluted EPS": 0.41,
        "Total Revenue": 79,
        "Gross Profit": 37,
        "Operating Income": 5,
        "EBIT": 8,
        "Net Income": 4
    },
    "2017-07-31": {
        "Diluted EPS": -2.05,
        "Total Revenue": 61,
        "Gross Profit": 26,
        "Operating Income": -9,
        "EBIT": -6,
        "Net Income": -10
    },
    "2017-04-30": {
        "Diluted EPS": -1.88,
        "Total Revenue": 58,
        "Gross Profit": 26,
        "Operating Income": -8,
        "EBIT": -6,
        "Net Income": -9
    },
    "2017-01-31": {
        "Diluted EPS": -34.82,
        "Total Revenue": 64,
        "Gross Profit": 29,
        "Operating Income": -63,
        "EBIT": -7,
        "Net Income": -162
    },
    "2016-10-31": {
        "Diluted EPS": 0.68,
        "Total Revenue": 76,
        "Gross Profit": 38,
        "Operating Income": 6,
        "EBIT": 8,
        "Net Income": 3
    },
    "2016-07-31": {
        "Diluted EPS": -0.4,
        "Total Revenue": 61,
        "Gross Profit": 27,
        "Operating Income": -4,
        "EBIT": -2,
        "Net Income": -2
    },
    "2016-04-30": {
        "Diluted EPS": -0.5,
        "Total Revenue": 68,
        "Gross Profit": 28,
        "Operating Income": -4,
        "EBIT": -2,
        "Net Income": -2
    },
    "2016-01-31": {
        "Diluted EPS": 0.56,
        "Total Revenue": 82,
        "Gross Profit": 41,
        "Operating Income": 5,
        "EBIT": 7,
        "Net Income": 2
    },
    "2015-10-31": {
        "Diluted EPS": 1.6,
        "Total Revenue": 81,
        "Gross Profit": 40,
        "Operating Income": 12,
        "EBIT": 13,
        "Net Income": 6
    },
    "2015-07-31": {
        "Diluted EPS": -1.4,
        "Total Revenue": 80,
        "Gross Profit": 21,
        "Operating Income": -7,
        "EBIT": -4,
        "Net Income": -5
    },
    "2015-04-30": {
        "Diluted EPS": 0.6,
        "Total Revenue": 60,
        "Gross Profit": 31,
        "Operating Income": 5,
        "EBIT": 8,
        "Net Income": 2
    },
    "2015-01-31": {
        "Diluted EPS": 2.7,
        "Total Revenue": 95,
        "Gross Profit": 46,
        "Operating Income": 20,
        "EBIT": 19,
        "Net Income": 11
    },
    "2014-10-31": {
        "Diluted EPS": 3.5,
        "Total Revenue": 103,
        "Gross Profit": 51,
        "Operating Income": 25,
        "EBIT": 27,
        "Net Income": 13
    },
    "2014-07-31": {
        "Diluted EPS": 2.7,
        "Total Revenue": 89,
        "Gross Profit": 44,
        "Operating Income": 20,
        "EBIT": 22,
        "Net Income": 11
    },
    "2014-04-30": {
        "Diluted EPS": 0.4,
        "Total Revenue": 53,
        "Gross Profit": 26,
        "Operating Income": 5,
        "EBIT": 7,
        "Net Income": 1
    },
    "2014-01-31": {
        "Diluted EPS": 0.9,
        "Total Revenue": 88,
        "Gross Profit": 40,
        "Operating Income": 15,
        "EBIT": 16,
        "Net Income": 1
    },
    "2013-10-31": {
        "Diluted EPS": -0.9,
        "Total Revenue": 86,
        "Gross Profit": 42,
        "Operating Income": 18,
        "EBIT": 18,
        "Net Income": -2
    },
    "2013-07-31": {
        "Diluted EPS": -4.0,
        "Total Revenue": 74,
        "Gross Profit": 34,
        "Operating Income": 15,
        "EBIT": 16,
        "Net Income": -11
    },
    "2013-04-30": {
        "Diluted EPS": -5.8,
        "Total Revenue": 40,
        "Gross Profit": 18,
        "Operating Income": 2,
        "EBIT": 3,
        "Net Income": -15
    },
    "2013-01-31": {
        "Diluted EPS": 0.0,
        "Total Revenue": NaN,
        "Gross Profit": NaN,
        "Operating Income": NaN,
        "EBIT": NaN,
        "Net Income": NaN
    },
    "2012-10-31": {
        "Diluted EPS": -5.7,
        "Total Revenue": 203,
        "Gross Profit": 63,
        "Operating Income": 16,
        "EBIT": 20,
        "Net Income": -15
    },
    "2012-07-31": {
        "Diluted EPS": 0.0,
        "Total Revenue": NaN,
        "Gross Profit": NaN,
        "Operating Income": NaN,
        "EBIT": NaN,
        "Net Income": NaN
    },
    "2012-01-31": {
        "Diluted EPS": 0.0,
        "Total Revenue": NaN,
        "Gross Profit": NaN,
        "Operating Income": NaN,
        "EBIT": NaN,
        "Net Income": NaN
    },
    "2011-01-31": {
        "Diluted EPS": 0.0,
        "Total Revenue": NaN,
        "Gross Profit": NaN,
        "Operating Income": NaN,
        "EBIT": NaN,
        "Net Income": NaN
    },
    "2023-07-31": {
        "Tax Effect Of Unusual Items": NaN,
        "Tax Rate For Calcs": NaN,
        "Normalized EBITDA": NaN,
        "Total Unusual Items": NaN,
        "Total Unusual Items Excluding Goodwill": NaN,
        "Net Income From Continuing Operation Net Minority Interest": NaN,
        "Reconciled Depreciation": NaN,
        "Reconciled Cost Of Revenue": NaN,
        "EBITDA": NaN,
        "EBIT": NaN,
        "Net Interest Income": NaN,
        "Interest Expense": NaN,
        "Normalized Income": NaN,
        "Net Income From Continuing And Discontinued Operation": NaN,
        "Total Expenses": NaN,
        "Total Operating Income As Reported": NaN,
        "Diluted Average Shares": NaN,
        "Basic Average Shares": NaN,
        "Diluted EPS": NaN,
        "Basic EPS": NaN,
        "Diluted NI Availto Com Stockholders": NaN,
        "Net Income Common Stockholders": NaN,
        "Net Income": NaN,
        "Net Income Including Noncontrolling Interests": NaN,
        "Net Income Continuous Operations": NaN,
        "Earnings From Equity Interest Net Of Tax": NaN,
        "Tax Provision": NaN,
        "Pretax Income": NaN,
        "Other Income Expense": 32043000.0,
        "Special Income Charges": NaN,
        "Gain On Sale Of Ppe": NaN,
        "Gain On Sale Of Business": 0.0,
        "Impairment Of Capital Assets": 0.0,
        "Net Non Operating Interest Income Expense": NaN,
        "Interest Expense Non Operating": NaN,
        "Operating Income": NaN,
        "Operating Expense": NaN,
        "Selling General And Administration": NaN,
        "Gross Profit": NaN,
        "Cost Of Revenue": NaN,
        "Total Revenue": NaN,
        "Operating Revenue": NaN
    },
    "2023-10-31": {
        "Tax Effect Of Unusual Items": 0.0,
        "Tax Rate For Calcs": 0.21,
        "Normalized EBITDA": 3994000.0,
        "Total Unusual Items": 0.0,
        "Total Unusual Items Excluding Goodwill": 0.0,
        "Net Income From Continuing Operation Net Minority Interest": 983000.0,
        "Reconciled Depreciation": 1165000.0,
        "Reconciled Cost Of Revenue": 46891000.0,
        "EBITDA": 3994000.0,
        "EBIT": 2829000.0,
        "Net Interest Income": -1993000.0,
        "Interest Expense": 1993000.0,
        "Normalized Income": 983000.0,
        "Net Income From Continuing And Discontinued Operation": 983000.0,
        "Total Expenses": 81247000.0,
        "Total Operating Income As Reported": 2829000.0,
        "Diluted Average Shares": 12497328.0,
        "Basic Average Shares": 12492278.0,
        "Diluted EPS": 0.08,
        "Basic EPS": 0.08,
        "Diluted NI Availto Com Stockholders": 983000.0,
        "Net Income Common Stockholders": 983000.0,
        "Net Income": 983000.0,
        "Net Income Including Noncontrolling Interests": 983000.0,
        "Net Income Continuous Operations": 983000.0,
        "Earnings From Equity Interest Net Of Tax": 656000.0,
        "Tax Provision": 509000.0,
        "Pretax Income": 836000.0,
        "Other Income Expense": NaN,
        "Special Income Charges": 0.0,
        "Gain On Sale Of Ppe": 0.0,
        "Gain On Sale Of Business": 0.0,
        "Impairment Of Capital Assets": 0.0,
        "Net Non Operating Interest Income Expense": -1993000.0,
        "Interest Expense Non Operating": 1993000.0,
        "Operating Income": 2829000.0,
        "Operating Expense": 34356000.0,
        "Selling General And Administration": 34356000.0,
        "Gross Profit": 37185000.0,
        "Cost Of Revenue": 46891000.0,
        "Total Revenue": 84076000.0,
        "Operating Revenue": 84076000.0
    },
    "2024-01-31": {
        "Tax Effect Of Unusual Items": 0.0,
        "Tax Rate For Calcs": 0.21,
        "Normalized EBITDA": -443000.0,
        "Total Unusual Items": 0.0,
        "Total Unusual Items Excluding Goodwill": 0.0,
        "Net Income From Continuing Operation Net Minority Interest": -4668000.0,
        "Reconciled Depreciation": 1236000.0,
        "Reconciled Cost Of Revenue": 41144000.0,
        "EBITDA": -443000.0,
        "EBIT": -1679000.0,
        "Net Interest Income": -1698000.0,
        "Interest Expense": 1698000.0,
        "Normalized Income": -4668000.0,
        "Net Income From Continuing And Discontinued Operation": -4668000.0,
        "Total Expenses": 76990000.0,
        "Total Operating Income As Reported": -1679000.0,
        "Diluted Average Shares": 12510853.0,
        "Basic Average Shares": 12503472.0,
        "Diluted EPS": -0.37,
        "Basic EPS": -0.37,
        "Diluted NI Availto Com Stockholders": -4668000.0,
        "Net Income Common Stockholders": -4668000.0,
        "Net Income": -4668000.0,
        "Net Income Including Noncontrolling Interests": -4668000.0,
        "Net Income Continuous Operations": -4668000.0,
        "Earnings From Equity Interest Net Of Tax": 599000.0,
        "Tax Provision": 1890000.0,
        "Pretax Income": -3377000.0,
        "Other Income Expense": 0.0,
        "Special Income Charges": 0.0,
        "Gain On Sale Of Ppe": 0.0,
        "Gain On Sale Of Business": NaN,
        "Impairment Of Capital Assets": 0.0,
        "Net Non Operating Interest Income Expense": -1698000.0,
        "Interest Expense Non Operating": 1698000.0,
        "Operating Income": -1679000.0,
        "Operating Expense": 35846000.0,
        "Selling General And Administration": 35846000.0,
        "Gross Profit": 34167000.0,
        "Cost Of Revenue": 41144000.0,
        "Total Revenue": 75311000.0,
        "Operating Revenue": 75311000.0
    },
    "2024-04-30": {
        "Tax Effect Of Unusual Items": 1603140.0,
        "Tax Rate For Calcs": 0.21,
        "Normalized EBITDA": -1017000.0,
        "Total Unusual Items": 7634000.0,
        "Total Unusual Items Excluding Goodwill": 7634000.0,
        "Net Income From Continuing Operation Net Minority Interest": 4380000.0,
        "Reconciled Depreciation": 1013000.0,
        "Reconciled Cost Of Revenue": 29258000.0,
        "EBITDA": 6617000.0,
        "EBIT": 5604000.0,
        "Net Interest Income": -1646000.0,
        "Interest Expense": 1646000.0,
        "Normalized Income": -1650860.0,
        "Net Income From Continuing And Discontinued Operation": 4380000.0,
        "Total Expenses": 61201000.0,
        "Total Operating Income As Reported": 5604000.0,
        "Diluted Average Shares": 12611901.0,
        "Basic Average Shares": 12507561.0,
        "Diluted EPS": 0.35,
        "Basic EPS": 0.35,
        "Diluted NI Availto Com Stockholders": 4380000.0,
        "Net Income Common Stockholders": 4380000.0,
        "Net Income": 4380000.0,
        "Net Income Including Noncontrolling Interests": 4380000.0,
        "Net Income Continuous Operations": 4380000.0,
        "Earnings From Equity Interest Net Of Tax": -465000.0,
        "Tax Provision": -887000.0,
        "Pretax Income": 3958000.0,
        "Other Income Expense": 7634000.0,
        "Special Income Charges": 7634000.0,
        "Gain On Sale Of Ppe": 0.0,
        "Gain On Sale Of Business": 7634000.0,
        "Impairment Of Capital Assets": NaN,
        "Net Non Operating Interest Income Expense": -1646000.0,
        "Interest Expense Non Operating": 1646000.0,
        "Operating Income": -2030000.0,
        "Operating Expense": 31943000.0,
        "Selling General And Administration": 31943000.0,
        "Gross Profit": 29913000.0,
        "Cost Of Revenue": 29258000.0,
        "Total Revenue": 59171000.0,
        "Operating Revenue": 59171000.0
    },
    "2024-07-31": {
        "Tax Effect Of Unusual Items": 0.0,
        "Tax Rate For Calcs": 0.21,
        "Normalized EBITDA": 2152000.0,
        "Total Unusual Items": 0.0,
        "Total Unusual Items Excluding Goodwill": 0.0,
        "Net Income From Continuing Operation Net Minority Interest": 569000.0,
        "Reconciled Depreciation": 1022000.0,
        "Reconciled Cost Of Revenue": 39038000.0,
        "EBITDA": 2152000.0,
        "EBIT": 1130000.0,
        "Net Interest Income": -1647000.0,
        "Interest Expense": 1647000.0,
        "Normalized Income": 569000.0,
        "Net Income From Continuing And Discontinued Operation": 569000.0,
        "Total Expenses": 73039000.0,
        "Total Operating Income As Reported": 1130000.0,
        "Diluted Average Shares": 12617085.0,
        "Basic Average Shares": 12569488.0,
        "Diluted EPS": 0.05,
        "Basic EPS": 0.05,
        "Diluted NI Availto Com Stockholders": 569000.0,
        "Net Income Common Stockholders": 569000.0,
        "Net Income": 569000.0,
        "Net Income Including Noncontrolling Interests": 569000.0,
        "Net Income Continuous Operations": 569000.0,
        "Earnings From Equity Interest Net Of Tax": 292000.0,
        "Tax Provision": -794000.0,
        "Pretax Income": -517000.0,
        "Other Income Expense": NaN,
        "Special Income Charges": 0.0,
        "Gain On Sale Of Ppe": 0.0,
        "Gain On Sale Of Business": 0.0,
        "Impairment Of Capital Assets": NaN,
        "Net Non Operating Interest Income Expense": -1647000.0,
        "Interest Expense Non Operating": 1647000.0,
        "Operating Income": 1130000.0,
        "Operating Expense": 34001000.0,
        "Selling General And Administration": 34001000.0,
        "Gross Profit": 35131000.0,
        "Cost Of Revenue": 39038000.0,
        "Total Revenue": 74169000.0,
        "Operating Revenue": 74169000.0
    },
    "2024-10-31": {
        "Tax Effect Of Unusual Items": 0.0,
        "Tax Rate For Calcs": 0.0,
        "Normalized EBITDA": 6792000.0,
        "Total Unusual Items": 0.0,
        "Total Unusual Items Excluding Goodwill": 0.0,
        "Net Income From Continuing Operation Net Minority Interest": 4349000.0,
        "Reconciled Depreciation": 1031000.0,
        "Reconciled Cost Of Revenue": 40104000.0,
        "EBITDA": 6792000.0,
        "EBIT": 5761000.0,
        "Net Interest Income": -1691000.0,
        "Interest Expense": 1691000.0,
        "Normalized Income": 4349000.0,
        "Net Income From Continuing And Discontinued Operation": 4349000.0,
        "Total Expenses": 74401000.0,
        "Total Operating Income As Reported": 5761000.0,
        "Diluted Average Shares": 12698188.0,
        "Basic Average Shares": 12604528.0,
        "Diluted EPS": 0.34,
        "Basic EPS": 0.35,
        "Diluted NI Availto Com Stockholders": 4349000.0,
        "Net Income Common Stockholders": 4349000.0,
        "Net Income": 4349000.0,
        "Net Income Including Noncontrolling Interests": 4349000.0,
        "Net Income Continuous Operations": 4349000.0,
        "Earnings From Equity Interest Net Of Tax": 279000.0,
        "Tax Provision": 0.0,
        "Pretax Income": 4070000.0,
        "Other Income Expense": NaN,
        "Special Income Charges": 0.0,
        "Gain On Sale Of Ppe": 0.0,
        "Gain On Sale Of Business": 0.0,
        "Impairment Of Capital Assets": NaN,
        "Net Non Operating Interest Income Expense": -1691000.0,
        "Interest Expense Non Operating": 1691000.0,
        "Operating Income": 5761000.0,
        "Operating Expense": 34297000.0,
        "Selling General And Administration": 34297000.0,
        "Gross Profit": 40058000.0,
        "Cost Of Revenue": 40104000.0,
        "Total Revenue": 80162000.0,
        "Operating Revenue": 80162000.0
    }
}