{
    "2023-06-30": {
        "Tax Effect Of Unusual Items": 0.0,
        "Tax Rate For Calcs": 0.21,
        "Normalized EBITDA": -2265000.0,
        "Net Income From Continuing Operation Net Minority Interest": 1520000.0,
        "Reconciled Depreciation": 602000.0,
        "Reconciled Cost Of Revenue": 3275000.0,
        "EBITDA": -2265000.0,
        "EBIT": -2867000.0,
        "Normalized Income": 1520000.0,
        "Net Income From Continuing And Discontinued Operation": 1520000.0,
        "Total Expenses": 48923000.0,
        "Total Operating Income As Reported": -2867000.0,
        "Diluted Average Shares": 57535615.0,
        "Basic Average Shares": 57453916.0,
        "Diluted EPS": 0.03,
        "Basic EPS": 0.03,
        "Diluted NI Availto Com Stockholders": 1520000.0,
        "Net Income Common Stockholders": 1520000.0,
        "Net Income": 1520000.0,
        "Net Income Including Noncontrolling Interests": 1520000.0,
        "Net Income Continuous Operations": 1520000.0,
        "Tax Provision": 1072000.0,
        "Pretax Income": 2592000.0,
        "Other Income Expense": 5459000.0,
        "Other Non Operating Income Expenses": 5459000.0,
        "Operating Income": -2867000.0,
        "Operating Expense": 45424000.0,
        "Depreciation Amortization Depletion Income Statement": 378000.0,
        "Depreciation And Amortization In Income Statement": 378000.0,
        "Amortization": 378000.0,
        "Amortization Of Intangibles Income Statement": 378000.0,
        "Research And Development": 16647000.0,
        "Selling General And Administration": 28399000.0,
        "Gross Profit": 42557000.0,
        "Cost Of Revenue": 3499000.0,
        "Total Revenue": 46056000.0,
        "Operating Revenue": 46056000.0
    },
    "2023-03-31": {
        "Tax Effect Of Unusual Items": 0.0,
        "Tax Rate For Calcs": 0.21,
        "Normalized EBITDA": 2674000.0,
        "Net Income From Continuing Operation Net Minority Interest": 3252000.0,
        "Reconciled Depreciation": 670000.0,
        "Reconciled Cost Of Revenue": 4483000.0,
        "EBITDA": 2674000.0,
        "EBIT": 2004000.0,
        "Normalized Income": 3252000.0,
        "Net Income From Continuing And Discontinued Operation": 3252000.0,
        "Total Expenses": 60494000.0,
        "Total Operating Income As Reported": 2004000.0,
        "Diluted Average Shares": 57400152.0,
        "Basic Average Shares": 57011396.0,
        "Diluted EPS": 0.06,
        "Basic EPS": 0.06,
        "Diluted NI Availto Com Stockholders": 3252000.0,
        "Net Income Common Stockholders": 3252000.0,
        "Net Income": 3252000.0,
        "Net Income Including Noncontrolling Interests": 3252000.0,
        "Net Income Continuous Operations": 3252000.0,
        "Tax Provision": 2276000.0,
        "Pretax Income": 5528000.0,
        "Other Income Expense": 3524000.0,
        "Other Non Operating Income Expenses": 3524000.0,
        "Operating Income": 2004000.0,
        "Operating Expense": 55720000.0,
        "Depreciation Amortization Depletion Income Statement": 379000.0,
        "Depreciation And Amortization In Income Statement": 379000.0,
        "Amortization": 379000.0,
        "Amortization Of Intangibles Income Statement": 379000.0,
        "Research And Development": 19237000.0,
        "Selling General And Administration": 36104000.0,
        "Gross Profit": 57724000.0,
        "Cost Of Revenue": 4774000.0,
        "Total Revenue": 62498000.0,
        "Operating Revenue": 62498000.0
    },
    "2022-12-31": {
        "Tax Effect Of Unusual Items": 0.0,
        "Tax Rate For Calcs": 0.286279,
        "Normalized EBITDA": 7292000.0,
        "Net Income From Continuing Operation Net Minority Interest": 6861000.0,
        "Reconciled Depreciation": 663000.0,
        "Reconciled Cost Of Revenue": 5954000.0,
        "EBITDA": 7292000.0,
        "EBIT": 6629000.0,
        "Normalized Income": 6861000.0,
        "Net Income From Continuing And Discontinued Operation": 6861000.0,
        "Total Expenses": 57853000.0,
        "Total Operating Income As Reported": 6629000.0,
        "Diluted Average Shares": 57188551.0,
        "Basic Average Shares": 56651984.0,
        "Diluted EPS": 0.12,
        "Basic EPS": 0.12,
        "Diluted NI Availto Com Stockholders": 6861000.0,
        "Net Income Common Stockholders": 6861000.0,
        "Net Income": 6861000.0,
        "Net Income Including Noncontrolling Interests": 6861000.0,
        "Net Income Continuous Operations": 6861000.0,
        "Tax Provision": 2752000.0,
        "Pretax Income": 9613000.0,
        "Other Income Expense": 2984000.0,
        "Other Non Operating Income Expenses": 2984000.0,
        "Operating Income": 6629000.0,
        "Operating Expense": 51615000.0,
        "Depreciation Amortization Depletion Income Statement": 379000.0,
        "Depreciation And Amortization In Income Statement": 379000.0,
        "Amortization": 379000.0,
        "Amortization Of Intangibles Income Statement": 379000.0,
        "Research And Development": 18454000.0,
        "Selling General And Administration": 32782000.0,
        "Gross Profit": 58244000.0,
        "Cost Of Revenue": 6238000.0,
        "Total Revenue": 64482000.0,
        "Operating Revenue": 64482000.0
    },
    "2022-09-30": {
        "Tax Effect Of Unusual Items": 0.0,
        "Tax Rate For Calcs": 0.4,
        "Normalized EBITDA": 4287000.0,
        "Net Income From Continuing Operation Net Minority Interest": 3270000.0,
        "Reconciled Depreciation": 379000.0,
        "Reconciled Cost Of Revenue": 6320000.0,
        "EBITDA": 4287000.0,
        "EBIT": 3908000.0,
        "Normalized Income": 3270000.0,
        "Net Income From Continuing And Discontinued Operation": 3270000.0,
        "Total Expenses": 61410000.0,
        "Total Operating Income As Reported": 3908000.0,
        "Diluted Average Shares": 56969033.0,
        "Basic Average Shares": 56574503.0,
        "Diluted EPS": 0.06,
        "Basic EPS": 0.06,
        "Diluted NI Availto Com Stockholders": 3270000.0,
        "Net Income Common Stockholders": 3270000.0,
        "Net Income": 3270000.0,
        "Net Income Including Noncontrolling Interests": 3270000.0,
        "Net Income Continuous Operations": 3270000.0,
        "Tax Provision": 2191000.0,
        "Pretax Income": 5461000.0,
        "Other Income Expense": 1553000.0,
        "Other Non Operating Income Expenses": 1553000.0,
        "Operating Income": 3908000.0,
        "Operating Expense": 55090000.0,
        "Depreciation Amortization Depletion Income Statement": 379000.0,
        "Depreciation And Amortization In Income Statement": 379000.0,
        "Amortization": 379000.0,
        "Amortization Of Intangibles Income Statement": 379000.0,
        "Research And Development": 24857000.0,
        "Selling General And Administration": 29854000.0,
        "Gross Profit": 58998000.0,
        "Cost Of Revenue": 6320000.0,
        "Total Revenue": 65318000.0,
        "Operating Revenue": 65318000.0
    },
    "2022-06-30": {
        "Tax Effect Of Unusual Items": 0.0,
        "Tax Rate For Calcs": 0.320844,
        "Normalized EBITDA": 4151000.0,
        "Net Income From Continuing Operation Net Minority Interest": 2574000.0,
        "Reconciled Depreciation": 690000.0,
        "Reconciled Cost Of Revenue": 5748000.0,
        "EBITDA": 4151000.0,
        "EBIT": 3461000.0,
        "Normalized Income": 2574000.0,
        "Net Income From Continuing And Discontinued Operation": 2574000.0,
        "Total Expenses": 60929000.0,
        "Total Operating Income As Reported": 3461000.0,
        "Diluted Average Shares": 56821024.0,
        "Basic Average Shares": 56508533.0,
        "Diluted EPS": 0.05,
        "Basic EPS": 0.05,
        "Diluted NI Availto Com Stockholders": 2574000.0,
        "Net Income Common Stockholders": 2574000.0,
        "Net Income": 2574000.0,
        "Net Income Including Noncontrolling Interests": 2574000.0,
        "Net Income Continuous Operations": 2574000.0,
        "Tax Provision": 1216000.0,
        "Pretax Income": 3790000.0,
        "Other Income Expense": 329000.0,
        "Other Non Operating Income Expenses": 329000.0,
        "Operating Income": 3461000.0,
        "Operating Expense": 54870000.0,
        "Depreciation Amortization Depletion Income Statement": 379000.0,
        "Depreciation And Amortization In Income Statement": 379000.0,
        "Amortization": 379000.0,
        "Amortization Of Intangibles Income Statement": 379000.0,
        "Research And Development": 21490000.0,
        "Selling General And Administration": 33001000.0,
        "Gross Profit": 58331000.0,
        "Cost Of Revenue": 6059000.0,
        "Total Revenue": 64390000.0,
        "Operating Revenue": 64390000.0
    },
    "2022-03-31": {
        "Diluted EPS": -0.11,
        "Total Revenue": 60,
        "Gross Profit": 55,
        "Operating Income": -8,
        "EBIT": -7,
        "Net Income": -6
    },
    "2021-12-31": {
        "Diluted EPS": 0.12,
        "Total Revenue": 68,
        "Gross Profit": 62,
        "Operating Income": 9,
        "EBIT": 10,
        "Net Income": 7
    },
    "2021-09-30": {
        "Diluted EPS": 0.14,
        "Total Revenue": 70,
        "Gross Profit": 63,
        "Operating Income": 11,
        "EBIT": 12,
        "Net Income": 8
    },
    "2021-06-30": {
        "Diluted EPS": 0.17,
        "Total Revenue": 68,
        "Gross Profit": 61,
        "Operating Income": 12,
        "EBIT": 14,
        "Net Income": 10
    },
    "2021-03-31": {
        "Diluted EPS": 0.15,
        "Total Revenue": 63,
        "Gross Profit": 57,
        "Operating Income": 10,
        "EBIT": 12,
        "Net Income": 9
    },
    "2020-12-31": {
        "Diluted EPS": 0.14,
        "Total Revenue": 68,
        "Gross Profit": 61,
        "Operating Income": 10,
        "EBIT": 12,
        "Net Income": 8
    },
    "2020-09-30": {
        "Diluted EPS": 0.11,
        "Total Revenue": 60,
        "Gross Profit": 54,
        "Operating Income": 8,
        "EBIT": 9,
        "Net Income": 6
    },
    "2020-06-30": {
        "Diluted EPS": 0.16,
        "Total Revenue": 62,
        "Gross Profit": 56,
        "Operating Income": 9,
        "EBIT": 10,
        "Net Income": 9
    },
    "2020-03-31": {
        "Diluted EPS": 0.01,
        "Total Revenue": 58,
        "Gross Profit": 53,
        "Operating Income": 0,
        "EBIT": 0,
        "Net Income": 0
    },
    "2019-12-31": {
        "Diluted EPS": 0.07,
        "Total Revenue": 61,
        "Gross Profit": 55,
        "Operating Income": 4,
        "EBIT": 5,
        "Net Income": 4
    },
    "2019-09-30": {
        "Diluted EPS": 1.84,
        "Total Revenue": 59,
        "Gross Profit": 53,
        "Operating Income": 11,
        "EBIT": 11,
        "Net Income": 100
    },
    "2019-06-30": {
        "Diluted EPS": 0.21,
        "Total Revenue": 59,
        "Gross Profit": 53,
        "Operating Income": 10,
        "EBIT": 10,
        "Net Income": 12
    },
    "2019-03-31": {
        "Diluted EPS": -0.01,
        "Total Revenue": 48,
        "Gross Profit": 43,
        "Operating Income": -2,
        "EBIT": -2,
        "Net Income": -1
    },
    "2018-12-31": {
        "Diluted EPS": 0.2,
        "Total Revenue": 53,
        "Gross Profit": 47,
        "Operating Income": 9,
        "EBIT": 9,
        "Net Income": 10
    },
    "2018-09-30": {
        "Diluted EPS": 0.13,
        "Total Revenue": 49,
        "Gross Profit": 44,
        "Operating Income": 6,
        "EBIT": 6,
        "Net Income": 7
    },
    "2018-06-30": {
        "Diluted EPS": 0.09,
        "Total Revenue": 47,
        "Gross Profit": 42,
        "Operating Income": 4,
        "EBIT": 4,
        "Net Income": 5
    },
    "2018-03-31": {
        "Diluted EPS": 0.06,
        "Total Revenue": 44,
        "Gross Profit": 39,
        "Operating Income": 2,
        "EBIT": 3,
        "Net Income": 3
    },
    "2017-12-31": {
        "Diluted EPS": -0.05,
        "Total Revenue": 44,
        "Gross Profit": 39,
        "Operating Income": -2,
        "EBIT": -2,
        "Net Income": -2
    },
    "2017-09-30": {
        "Diluted EPS": -0.1,
        "Total Revenue": 41,
        "Gross Profit": 37,
        "Operating Income": -5,
        "EBIT": -4,
        "Net Income": -5
    },
    "2017-06-30": {
        "Diluted EPS": -0.03,
        "Total Revenue": 42,
        "Gross Profit": 38,
        "Operating Income": -2,
        "EBIT": -1,
        "Net Income": -2
    },
    "2017-03-31": {
        "Diluted EPS": -0.17,
        "Total Revenue": 37,
        "Gross Profit": 33,
        "Operating Income": -8,
        "EBIT": -7,
        "Net Income": -8
    },
    "2016-12-31": {
        "Diluted EPS": 0.0,
        "Total Revenue": 38,
        "Gross Profit": 33,
        "Operating Income": -1,
        "EBIT": 2,
        "Net Income": -1
    },
    "2016-09-30": {
        "Diluted EPS": -0.01,
        "Total Revenue": 38,
        "Gross Profit": 31,
        "Operating Income": -1,
        "EBIT": 3,
        "Net Income": 0
    },
    "2016-06-30": {
        "Diluted EPS": -0.11,
        "Total Revenue": 36,
        "Gross Profit": 30,
        "Operating Income": -5,
        "EBIT": -2,
        "Net Income": -5
    },
    "2016-03-31": {
        "Diluted EPS": -0.29,
        "Total Revenue": 33,
        "Gross Profit": 27,
        "Operating Income": -12,
        "EBIT": -9,
        "Net Income": -12
    },
    "2015-12-31": {
        "Diluted EPS": -0.35,
        "Total Revenue": 32,
        "Gross Profit": 26,
        "Operating Income": -15,
        "EBIT": -12,
        "Net Income": -15
    },
    "2015-09-30": {
        "Diluted EPS": -0.22,
        "Total Revenue": 28,
        "Gross Profit": 22,
        "Operating Income": -10,
        "EBIT": -6,
        "Net Income": -9
    },
    "2015-06-30": {
        "Diluted EPS": -0.13,
        "Total Revenue": 28,
        "Gross Profit": 22,
        "Operating Income": -5,
        "EBIT": -2,
        "Net Income": -5
    },
    "2015-03-31": {
        "Diluted EPS": -0.24,
        "Total Revenue": 22,
        "Gross Profit": 17,
        "Operating Income": -10,
        "EBIT": -6,
        "Net Income": -10
    },
    "2014-12-31": {
        "Diluted EPS": 2.02,
        "Total Revenue": 15,
        "Gross Profit": 15,
        "Operating Income": 70,
        "EBIT": 70,
        "Net Income": 70
    },
    "2014-09-30": {
        "Diluted EPS": -0.04,
        "Total Revenue": 15,
        "Gross Profit": 14,
        "Operating Income": -1,
        "EBIT": -1,
        "Net Income": -1
    },
    "2014-06-30": {
        "Diluted EPS": -0.64,
        "Total Revenue": 11,
        "Gross Profit": 11,
        "Operating Income": -22,
        "EBIT": -21,
        "Net Income": -22
    },
    "2014-03-31": {
        "Diluted EPS": -0.79,
        "Total Revenue": 9,
        "Gross Profit": 9,
        "Operating Income": -27,
        "EBIT": -26,
        "Net Income": -27
    },
    "2013-12-31": {
        "Diluted EPS": -0.23,
        "Total Revenue": 9,
        "Gross Profit": 9,
        "Operating Income": -8,
        "EBIT": -7,
        "Net Income": -8
    },
    "2013-09-30": {
        "Diluted EPS": -0.17,
        "Total Revenue": 9,
        "Gross Profit": 9,
        "Operating Income": -5,
        "EBIT": -5,
        "Net Income": -5
    },
    "2013-06-30": {
        "Diluted EPS": -0.12,
        "Total Revenue": 8,
        "Gross Profit": 8,
        "Operating Income": -3,
        "EBIT": -3,
        "Net Income": -3
    },
    "2013-03-31": {
        "Diluted EPS": -0.16,
        "Total Revenue": 8,
        "Gross Profit": 8,
        "Operating Income": -5,
        "EBIT": -4,
        "Net Income": -5
    },
    "2012-12-31": {
        "Diluted EPS": -0.23,
        "Total Revenue": 8,
        "Gross Profit": 8,
        "Operating Income": -6,
        "EBIT": -6,
        "Net Income": -6
    },
    "2012-09-30": {
        "Diluted EPS": -0.19,
        "Total Revenue": 8,
        "Gross Profit": 8,
        "Operating Income": -5,
        "EBIT": -5,
        "Net Income": -5
    },
    "2012-06-30": {
        "Diluted EPS": -0.28,
        "Total Revenue": 8,
        "Gross Profit": 8,
        "Operating Income": -8,
        "EBIT": -7,
        "Net Income": -8
    },
    "2012-03-31": {
        "Diluted EPS": -0.28,
        "Total Revenue": 8,
        "Gross Profit": -4,
        "Operating Income": -8,
        "EBIT": -8,
        "Net Income": -8
    },
    "2011-12-31": {
        "Diluted EPS": -0.19,
        "Total Revenue": 8,
        "Gross Profit": 8,
        "Operating Income": -6,
        "EBIT": -5,
        "Net Income": -6
    },
    "2011-09-30": {
        "Diluted EPS": -0.11,
        "Total Revenue": 8,
        "Gross Profit": 8,
        "Operating Income": -3,
        "EBIT": -3,
        "Net Income": -3
    },
    "2011-06-30": {
        "Diluted EPS": -0.05,
        "Total Revenue": 7,
        "Gross Profit": 7,
        "Operating Income": -2,
        "EBIT": -1,
        "Net Income": -1
    },
    "2011-03-31": {
        "Diluted EPS": 0.0,
        "Total Revenue": 8,
        "Gross Profit": 8,
        "Operating Income": 0,
        "EBIT": 1,
        "Net Income": 0
    },
    "2010-12-31": {
        "Diluted EPS": 0.08,
        "Total Revenue": 8,
        "Gross Profit": 8,
        "Operating Income": 1,
        "EBIT": 1,
        "Net Income": 2
    },
    "2010-09-30": {
        "Diluted EPS": 0.11,
        "Total Revenue": 7,
        "Gross Profit": 7,
        "Operating Income": 1,
        "EBIT": 1,
        "Net Income": 3
    },
    "2010-06-30": {
        "Diluted EPS": 0.04,
        "Total Revenue": 8,
        "Gross Profit": 7,
        "Operating Income": 1,
        "EBIT": 2,
        "Net Income": 1
    },
    "2010-03-31": {
        "Diluted EPS": 0.02,
        "Total Revenue": 12,
        "Gross Profit": 11,
        "Operating Income": 6,
        "EBIT": 7,
        "Net Income": 1
    },
    "2009-12-31": {
        "Diluted EPS": -0.35,
        "Total Revenue": NaN,
        "Gross Profit": -1,
        "Operating Income": -14,
        "EBIT": -13,
        "Net Income": -9
    },
    "2009-09-30": {
        "Diluted EPS": -0.28,
        "Total Revenue": NaN,
        "Gross Profit": 0,
        "Operating Income": -8,
        "EBIT": -7,
        "Net Income": -8
    },
    "2009-06-30": {
        "Diluted EPS": -0.46,
        "Total Revenue": NaN,
        "Gross Profit": 0,
        "Operating Income": -12,
        "EBIT": -12,
        "Net Income": -12
    },
    "2009-03-31": {
        "Diluted EPS": -0.24,
        "Total Revenue": NaN,
        "Gross Profit": NaN,
        "Operating Income": -7,
        "EBIT": -6,
        "Net Income": -7
    },
    "2023-09-30": {
        "Tax Effect Of Unusual Items": 0.0,
        "Tax Rate For Calcs": 0.21,
        "Normalized EBITDA": -5415000.0,
        "Net Income From Continuing Operation Net Minority Interest": 137000.0,
        "Reconciled Depreciation": 580000.0,
        "Reconciled Cost Of Revenue": 2863000.0,
        "EBITDA": -5415000.0,
        "EBIT": -5995000.0,
        "Normalized Income": 137000.0,
        "Net Income From Continuing And Discontinued Operation": 137000.0,
        "Total Expenses": 44810000.0,
        "Total Operating Income As Reported": -5995000.0,
        "Diluted Average Shares": 57595344.0,
        "Basic Average Shares": 57519031.0,
        "Diluted EPS": 0.002379,
        "Basic EPS": 0.002382,
        "Diluted NI Availto Com Stockholders": 137000.0,
        "Net Income Common Stockholders": 137000.0,
        "Net Income": 137000.0,
        "Net Income Including Noncontrolling Interests": 137000.0,
        "Net Income Continuous Operations": 137000.0,
        "Tax Provision": -257000.0,
        "Pretax Income": -120000.0,
        "Other Income Expense": 5875000.0,
        "Other Non Operating Income Expenses": 5875000.0,
        "Operating Income": -5995000.0,
        "Operating Expense": 41747000.0,
        "Depreciation Amortization Depletion Income Statement": 380000.0,
        "Depreciation And Amortization In Income Statement": 380000.0,
        "Amortization": 380000.0,
        "Amortization Of Intangibles Income Statement": 380000.0,
        "Research And Development": 16600000.0,
        "Selling General And Administration": 24767000.0,
        "Gross Profit": 35752000.0,
        "Cost Of Revenue": 3063000.0,
        "Total Revenue": 38815000.0,
        "Operating Revenue": 38815000.0
    },
    "2023-12-31": {
        "Tax Effect Of Unusual Items": 0.0,
        "Tax Rate For Calcs": 0.21,
        "Normalized EBITDA": -5936000.0,
        "Net Income From Continuing Operation Net Minority Interest": -2400000.0,
        "Reconciled Depreciation": 1158000.0,
        "Reconciled Cost Of Revenue": 3255000.0,
        "EBITDA": -5936000.0,
        "EBIT": -7094000.0,
        "Normalized Income": -2400000.0,
        "Net Income From Continuing And Discontinued Operation": -2400000.0,
        "Total Expenses": 52365000.0,
        "Total Operating Income As Reported": -7094000.0,
        "Diluted Average Shares": 57532309.0,
        "Basic Average Shares": 57532309.0,
        "Diluted EPS": -0.04,
        "Basic EPS": -0.04,
        "Diluted NI Availto Com Stockholders": -2400000.0,
        "Net Income Common Stockholders": -2400000.0,
        "Net Income": -2400000.0,
        "Net Income Including Noncontrolling Interests": -2400000.0,
        "Net Income Continuous Operations": -2400000.0,
        "Tax Provision": 739000.0,
        "Pretax Income": -1661000.0,
        "Other Income Expense": 5433000.0,
        "Other Non Operating Income Expenses": 5433000.0,
        "Operating Income": -7094000.0,
        "Operating Expense": 48905000.0,
        "Depreciation Amortization Depletion Income Statement": 953000.0,
        "Depreciation And Amortization In Income Statement": 953000.0,
        "Amortization": 953000.0,
        "Amortization Of Intangibles Income Statement": 953000.0,
        "Research And Development": 24339000.0,
        "Selling General And Administration": 23613000.0,
        "Gross Profit": 41811000.0,
        "Cost Of Revenue": 3460000.0,
        "Total Revenue": 45271000.0,
        "Operating Revenue": 45271000.0
    },
    "2024-03-31": {
        "Tax Effect Of Unusual Items": 0.0,
        "Tax Rate For Calcs": 0.111063,
        "Normalized EBITDA": -7011000.0,
        "Net Income From Continuing Operation Net Minority Interest": -4146000.0,
        "Reconciled Depreciation": 2224000.0,
        "Reconciled Cost Of Revenue": 3234000.0,
        "EBITDA": -7011000.0,
        "EBIT": -9235000.0,
        "Normalized Income": -4146000.0,
        "Net Income From Continuing And Discontinued Operation": -4146000.0,
        "Total Expenses": 56697000.0,
        "Total Operating Income As Reported": -9235000.0,
        "Diluted Average Shares": 57760940.0,
        "Basic Average Shares": 57760940.0,
        "Diluted EPS": -0.07,
        "Basic EPS": -0.07,
        "Diluted NI Availto Com Stockholders": -4146000.0,
        "Net Income Common Stockholders": -4146000.0,
        "Net Income": -4146000.0,
        "Net Income Including Noncontrolling Interests": -4146000.0,
        "Net Income Continuous Operations": -4146000.0,
        "Tax Provision": -518000.0,
        "Pretax Income": -4664000.0,
        "Other Income Expense": 4571000.0,
        "Other Non Operating Income Expenses": 4571000.0,
        "Operating Income": -9235000.0,
        "Operating Expense": 53257000.0,
        "Depreciation Amortization Depletion Income Statement": 2018000.0,
        "Depreciation And Amortization In Income Statement": 2018000.0,
        "Amortization": 2018000.0,
        "Amortization Of Intangibles Income Statement": 2018000.0,
        "Research And Development": 21154000.0,
        "Selling General And Administration": 30085000.0,
        "Gross Profit": 44022000.0,
        "Cost Of Revenue": 3440000.0,
        "Total Revenue": 47462000.0,
        "Operating Revenue": 47462000.0
    },
    "2024-06-30": {
        "Tax Effect Of Unusual Items": 0.0,
        "Tax Rate For Calcs": 0.180928,
        "Normalized EBITDA": -8178000.0,
        "Net Income From Continuing Operation Net Minority Interest": -4518000.0,
        "Reconciled Depreciation": 1968000.0,
        "Reconciled Cost Of Revenue": 2517000.0,
        "EBITDA": -8178000.0,
        "EBIT": -10146000.0,
        "Normalized Income": -4518000.0,
        "Net Income From Continuing And Discontinued Operation": -4518000.0,
        "Total Expenses": 60620000.0,
        "Total Operating Income As Reported": -10146000.0,
        "Diluted Average Shares": 58220838.0,
        "Basic Average Shares": 58220838.0,
        "Diluted EPS": -0.08,
        "Basic EPS": -0.08,
        "Diluted NI Availto Com Stockholders": -4518000.0,
        "Net Income Common Stockholders": -4518000.0,
        "Net Income": -4518000.0,
        "Net Income Including Noncontrolling Interests": -4518000.0,
        "Net Income Continuous Operations": -4518000.0,
        "Tax Provision": -998000.0,
        "Pretax Income": -5516000.0,
        "Other Income Expense": 4630000.0,
        "Other Non Operating Income Expenses": 4630000.0,
        "Operating Income": -10146000.0,
        "Operating Expense": 57887000.0,
        "Depreciation Amortization Depletion Income Statement": 1752000.0,
        "Depreciation And Amortization In Income Statement": 1752000.0,
        "Amortization": 1752000.0,
        "Amortization Of Intangibles Income Statement": 1752000.0,
        "Research And Development": 16661000.0,
        "Selling General And Administration": 39474000.0,
        "Gross Profit": 47741000.0,
        "Cost Of Revenue": 2733000.0,
        "Total Revenue": 50474000.0,
        "Operating Revenue": 50474000.0
    }
}