{
    "2023-03-31": {
        "Tax Effect Of Unusual Items": 23746549.137809,
        "Tax Rate For Calcs": 0.301992,
        "Normalized EBITDA": 571440000.0,
        "Total Unusual Items": 78633000.0,
        "Total Unusual Items Excluding Goodwill": 78633000.0,
        "Net Income From Continuing Operation Net Minority Interest": 82293000.0,
        "Reconciled Depreciation": 431654000.0,
        "Reconciled Cost Of Revenue": 1453402000.0,
        "EBITDA": 650073000.0,
        "EBIT": 218419000.0,
        "Net Interest Income": -64105000.0,
        "Interest Expense": 69786000.0,
        "Interest Income": 5681000.0,
        "Normalized Income": 27406549.137809,
        "Net Income From Continuing And Discontinued Operation": 82293000.0,
        "Total Expenses": 1690547000.0,
        "Total Operating Income As Reported": 115235000.0,
        "Diluted Average Shares": 176138249.0,
        "Basic Average Shares": 148063873.0,
        "Diluted EPS": 0.42,
        "Basic EPS": 0.54,
        "Diluted NI Availto Com Stockholders": 82293000.0,
        "Net Income Common Stockholders": 82293000.0,
        "Net Income": 82293000.0,
        "Minority Interests": -21280000.0,
        "Net Income Including Noncontrolling Interests": 103573000.0,
        "Net Income Continuous Operations": 103573000.0,
        "Earnings From Equity Interest Net Of Tax": -174000.0,
        "Tax Provision": 44886000.0,
        "Pretax Income": 148633000.0,
        "Other Income Expense": 97503000.0,
        "Other Non Operating Income Expenses": 18870000.0,
        "Special Income Charges": NaN,
        "Write Off": NaN,
        "Impairment Of Capital Assets": NaN,
        "Gain On Sale Of Security": 78633000.0,
        "Net Non Operating Interest Income Expense": -64105000.0,
        "Interest Expense Non Operating": 69786000.0,
        "Interest Income Non Operating": 5681000.0,
        "Operating Income": 115235000.0,
        "Operating Expense": 237145000.0,
        "Other Operating Expenses": -33379000.0,
        "Provision For Doubtful Accounts": -2449000.0,
        "Research And Development": 79750000.0,
        "Selling General And Administration": 193223000.0,
        "Selling And Marketing Expense": 65776000.0,
        "General And Administrative Expense": 127447000.0,
        "Other Gand A": 127447000.0,
        "Gross Profit": 352380000.0,
        "Cost Of Revenue": 1453402000.0,
        "Total Revenue": 1805782000.0,
        "Operating Revenue": 1805782000.0
    },
    "2022-12-31": {
        "Tax Effect Of Unusual Items": 22262000.0,
        "Tax Rate For Calcs": 0.25,
        "Normalized EBITDA": 376836000.0,
        "Total Unusual Items": 89048000.0,
        "Total Unusual Items Excluding Goodwill": 89048000.0,
        "Net Income From Continuing Operation Net Minority Interest": -64244000.0,
        "Reconciled Depreciation": 449469000.0,
        "Reconciled Cost Of Revenue": 1552298000.0,
        "EBITDA": 465884000.0,
        "EBIT": 16415000.0,
        "Net Interest Income": -64167000.0,
        "Interest Expense": 72923000.0,
        "Interest Income": 8756000.0,
        "Normalized Income": -131030000.0,
        "Net Income From Continuing And Discontinued Operation": -64244000.0,
        "Total Expenses": 1898044000.0,
        "Total Operating Income As Reported": -17371000.0,
        "Diluted Average Shares": 148054592.0,
        "Basic Average Shares": 148054592.0,
        "Diluted EPS": -0.42,
        "Basic EPS": -0.42,
        "Diluted NI Availto Com Stockholders": -64244000.0,
        "Net Income Common Stockholders": -64244000.0,
        "Net Income": -64244000.0,
        "Minority Interests": -6807000.0,
        "Net Income Including Noncontrolling Interests": -57437000.0,
        "Net Income Continuous Operations": -57437000.0,
        "Earnings From Equity Interest Net Of Tax": -828000.0,
        "Tax Provision": 101000.0,
        "Pretax Income": -56508000.0,
        "Other Income Expense": 25030000.0,
        "Other Non Operating Income Expenses": -64018000.0,
        "Special Income Charges": 0.0,
        "Write Off": 0.0,
        "Impairment Of Capital Assets": 0.0,
        "Gain On Sale Of Security": 89048000.0,
        "Net Non Operating Interest Income Expense": -64167000.0,
        "Interest Expense Non Operating": 72923000.0,
        "Interest Income Non Operating": 8756000.0,
        "Operating Income": -17371000.0,
        "Operating Expense": 345746000.0,
        "Other Operating Expenses": -12965000.0,
        "Provision For Doubtful Accounts": 41983000.0,
        "Research And Development": 84137000.0,
        "Selling General And Administration": 232591000.0,
        "Selling And Marketing Expense": 76363000.0,
        "General And Administrative Expense": 156228000.0,
        "Other Gand A": 156228000.0,
        "Gross Profit": 328375000.0,
        "Cost Of Revenue": 1552298000.0,
        "Total Revenue": 1880673000.0,
        "Operating Revenue": 1880673000.0
    },
    "2022-09-30": {
        "Tax Effect Of Unusual Items": -126862800.0,
        "Tax Rate For Calcs": 0.4,
        "Normalized EBITDA": 439028000.0,
        "Total Unusual Items": -317157000.0,
        "Total Unusual Items Excluding Goodwill": -317157000.0,
        "Net Income From Continuing Operation Net Minority Interest": -425211000.0,
        "Reconciled Depreciation": 410988000.0,
        "Reconciled Cost Of Revenue": 1497627000.0,
        "EBITDA": 121871000.0,
        "EBIT": -289117000.0,
        "Net Interest Income": -69278000.0,
        "Interest Expense": 78733000.0,
        "Interest Income": 9455000.0,
        "Normalized Income": -234916800.0,
        "Net Income From Continuing And Discontinued Operation": -425211000.0,
        "Total Expenses": 1807799000.0,
        "Total Operating Income As Reported": 6411000.0,
        "Diluted Average Shares": 148073888.0,
        "Basic Average Shares": 148073888.0,
        "Diluted EPS": -2.88,
        "Basic EPS": -2.88,
        "Diluted NI Availto Com Stockholders": -425211000.0,
        "Net Income Common Stockholders": -425211000.0,
        "Net Income": -425211000.0,
        "Minority Interests": -1260000.0,
        "Net Income Including Noncontrolling Interests": -423951000.0,
        "Net Income Continuous Operations": -423951000.0,
        "Earnings From Equity Interest Net Of Tax": -384000.0,
        "Tax Provision": 55717000.0,
        "Pretax Income": -367850000.0,
        "Other Income Expense": -304983000.0,
        "Other Non Operating Income Expenses": 12174000.0,
        "Special Income Charges": 0.0,
        "Write Off": 0.0,
        "Impairment Of Capital Assets": NaN,
        "Gain On Sale Of Security": -317157000.0,
        "Net Non Operating Interest Income Expense": -69278000.0,
        "Interest Expense Non Operating": 78733000.0,
        "Interest Income Non Operating": 9455000.0,
        "Operating Income": 6411000.0,
        "Operating Expense": 310172000.0,
        "Other Operating Expenses": -5763000.0,
        "Provision For Doubtful Accounts": -3096000.0,
        "Research And Development": 73350000.0,
        "Selling General And Administration": 245681000.0,
        "Selling And Marketing Expense": 80245000.0,
        "General And Administrative Expense": 165436000.0,
        "Other Gand A": 165436000.0,
        "Gross Profit": 316583000.0,
        "Cost Of Revenue": 1497627000.0,
        "Total Revenue": 1814210000.0,
        "Operating Revenue": 1814210000.0
    },
    "2022-06-30": {
        "Tax Effect Of Unusual Items": -127950000.0,
        "Tax Rate For Calcs": 0.4,
        "Normalized EBITDA": 430630000.0,
        "Total Unusual Items": -319875000.0,
        "Total Unusual Items Excluding Goodwill": -319875000.0,
        "Net Income From Continuing Operation Net Minority Interest": -377203000.0,
        "Reconciled Depreciation": 385876000.0,
        "Reconciled Cost Of Revenue": 1367086000.0,
        "EBITDA": 110755000.0,
        "EBIT": -275121000.0,
        "Net Interest Income": -59716000.0,
        "Interest Expense": 68530000.0,
        "Interest Income": 8814000.0,
        "Normalized Income": -185278000.0,
        "Net Income From Continuing And Discontinued Operation": -377203000.0,
        "Total Expenses": 1688805000.0,
        "Total Operating Income As Reported": 36058000.0,
        "Diluted Average Shares": 147700770.0,
        "Basic Average Shares": 147700770.0,
        "Diluted EPS": -2.58,
        "Basic EPS": -2.58,
        "Diluted NI Availto Com Stockholders": -377203000.0,
        "Net Income Common Stockholders": -377203000.0,
        "Net Income": -377203000.0,
        "Minority Interests": -3696000.0,
        "Net Income Including Noncontrolling Interests": -373507000.0,
        "Net Income Continuous Operations": -373507000.0,
        "Earnings From Equity Interest Net Of Tax": 1090000.0,
        "Tax Provision": 30946000.0,
        "Pretax Income": -343651000.0,
        "Other Income Expense": -319993000.0,
        "Other Non Operating Income Expenses": -118000.0,
        "Special Income Charges": 0.0,
        "Write Off": 0.0,
        "Impairment Of Capital Assets": NaN,
        "Gain On Sale Of Security": -319875000.0,
        "Net Non Operating Interest Income Expense": -59716000.0,
        "Interest Expense Non Operating": 68530000.0,
        "Interest Income Non Operating": 8814000.0,
        "Operating Income": 36058000.0,
        "Operating Expense": 321719000.0,
        "Other Operating Expenses": -1588000.0,
        "Provision For Doubtful Accounts": -845000.0,
        "Research And Development": 76740000.0,
        "Selling General And Administration": 247412000.0,
        "Selling And Marketing Expense": 80368000.0,
        "General And Administrative Expense": 167044000.0,
        "Other Gand A": 167044000.0,
        "Gross Profit": 357777000.0,
        "Cost Of Revenue": 1367086000.0,
        "Total Revenue": 1724863000.0,
        "Operating Revenue": 1724863000.0
    },
    "2022-03-31": {
        "Diluted EPS": 0.03,
        "Total Revenue": 260,
        "Gross Profit": 56,
        "Operating Income": 15,
        "EBIT": 70,
        "Net Income": 14
    },
    "2021-12-31": {
        "Diluted EPS": -0.27,
        "Total Revenue": 286,
        "Gross Profit": 62,
        "Operating Income": -42,
        "EBIT": -42,
        "Net Income": -3
    },
    "2021-09-30": {
        "Diluted EPS": -0.03,
        "Total Revenue": 242,
        "Gross Profit": 58,
        "Operating Income": 18,
        "EBIT": 18,
        "Net Income": 24
    },
    "2021-06-30": {
        "Diluted EPS": 0.06,
        "Total Revenue": 232,
        "Gross Profit": 56,
        "Operating Income": 15,
        "EBIT": 62,
        "Net Income": 71
    },
    "2021-03-31": {
        "Diluted EPS": -0.12,
        "Total Revenue": 212,
        "Gross Profit": 49,
        "Operating Income": 12,
        "EBIT": 58,
        "Net Income": -13
    },
    "2020-12-31": {
        "Diluted EPS": -1.14,
        "Total Revenue": 86,
        "Gross Profit": 20,
        "Operating Income": -15,
        "EBIT": 35,
        "Net Income": -90
    },
    "2020-09-30": {
        "Diluted EPS": 0.06,
        "Total Revenue": 183,
        "Gross Profit": 41,
        "Operating Income": 11,
        "EBIT": 53,
        "Net Income": 14
    },
    "2020-06-30": {
        "Diluted EPS": -2.88,
        "Total Revenue": 316,
        "Gross Profit": 72,
        "Operating Income": 16,
        "EBIT": 47,
        "Net Income": -320
    },
    "2020-03-31": {
        "Diluted EPS": -0.18,
        "Total Revenue": 154,
        "Gross Profit": 33,
        "Operating Income": 5,
        "EBIT": 34,
        "Net Income": -20
    },
    "2019-12-31": {
        "Diluted EPS": -0.07,
        "Total Revenue": 148,
        "Gross Profit": 35,
        "Operating Income": 0,
        "EBIT": 0,
        "Net Income": -2
    },
    "2019-09-30": {
        "Diluted EPS": -0.06,
        "Total Revenue": 137,
        "Gross Profit": 31,
        "Operating Income": 9,
        "EBIT": 9,
        "Net Income": -10
    },
    "2019-06-30": {
        "Diluted EPS": -0.12,
        "Total Revenue": 129,
        "Gross Profit": 33,
        "Operating Income": 9,
        "EBIT": 9,
        "Net Income": -15
    },
    "2019-03-31": {
        "Diluted EPS": 0.01,
        "Total Revenue": 130,
        "Gross Profit": 36,
        "Operating Income": 8,
        "EBIT": 35,
        "Net Income": 1
    },
    "2018-12-31": {
        "Diluted EPS": -0.12,
        "Total Revenue": 115,
        "Gross Profit": 31,
        "Operating Income": 8,
        "EBIT": 8,
        "Net Income": -17
    },
    "2018-09-30": {
        "Diluted EPS": -0.06,
        "Total Revenue": 127,
        "Gross Profit": 35,
        "Operating Income": 9,
        "EBIT": 9,
        "Net Income": -4
    },
    "2018-06-30": {
        "Diluted EPS": -0.12,
        "Total Revenue": 125,
        "Gross Profit": 35,
        "Operating Income": 8,
        "EBIT": 8,
        "Net Income": -14
    },
    "2018-03-31": {
        "Diluted EPS": 0.06,
        "Total Revenue": 128,
        "Gross Profit": 36,
        "Operating Income": 9,
        "EBIT": 31,
        "Net Income": 5
    },
    "2017-12-31": {
        "Diluted EPS": 1.05,
        "Total Revenue": 133,
        "Gross Profit": 34,
        "Operating Income": -4,
        "EBIT": -4,
        "Net Income": 117
    },
    "2017-09-30": {
        "Diluted EPS": -1.98,
        "Total Revenue": 133,
        "Gross Profit": 29,
        "Operating Income": -184,
        "EBIT": -184,
        "Net Income": -207
    },
    "2017-06-30": {
        "Diluted EPS": -0.18,
        "Total Revenue": 130,
        "Gross Profit": 28,
        "Operating Income": -12,
        "EBIT": -10,
        "Net Income": -14
    },
    "2017-03-31": {
        "Diluted EPS": -0.15,
        "Total Revenue": 125,
        "Gross Profit": 26,
        "Operating Income": -10,
        "EBIT": 14,
        "Net Income": -14
    },
    "2016-12-31": {
        "Diluted EPS": -0.31,
        "Total Revenue": 109,
        "Gross Profit": 22,
        "Operating Income": -71,
        "EBIT": -71,
        "Net Income": -34
    },
    "2016-09-30": {
        "Diluted EPS": -0.13,
        "Total Revenue": 145,
        "Gross Profit": 28,
        "Operating Income": -18,
        "EBIT": -18,
        "Net Income": -20
    },
    "2016-06-30": {
        "Diluted EPS": -0.2,
        "Total Revenue": 137,
        "Gross Profit": 26,
        "Operating Income": -19,
        "EBIT": -18,
        "Net Income": -15
    },
    "2016-03-31": {
        "Diluted EPS": -0.26,
        "Total Revenue": 134,
        "Gross Profit": 26,
        "Operating Income": -13,
        "EBIT": 11,
        "Net Income": -22
    },
    "2015-12-31": {
        "Diluted EPS": -0.22,
        "Total Revenue": 152,
        "Gross Profit": 45,
        "Operating Income": -4,
        "EBIT": -4,
        "Net Income": -19
    },
    "2015-09-30": {
        "Diluted EPS": -0.11,
        "Total Revenue": 145,
        "Gross Profit": 32,
        "Operating Income": -10,
        "EBIT": -10,
        "Net Income": -10
    },
    "2015-06-30": {
        "Diluted EPS": -0.27,
        "Total Revenue": 140,
        "Gross Profit": 33,
        "Operating Income": -12,
        "EBIT": -12,
        "Net Income": -23
    },
    "2015-03-31": {
        "Diluted EPS": -0.22,
        "Total Revenue": 139,
        "Gross Profit": 37,
        "Operating Income": -4,
        "EBIT": 19,
        "Net Income": -16
    },
    "2014-12-31": {
        "Diluted EPS": -0.43,
        "Total Revenue": 138,
        "Gross Profit": 39,
        "Operating Income": -9,
        "EBIT": -9,
        "Net Income": -28
    },
    "2014-09-30": {
        "Diluted EPS": 0.09,
        "Total Revenue": 127,
        "Gross Profit": 38,
        "Operating Income": 4,
        "EBIT": 4,
        "Net Income": 6
    },
    "2014-06-30": {
        "Diluted EPS": -0.15,
        "Total Revenue": 106,
        "Gross Profit": 29,
        "Operating Income": 5,
        "EBIT": 5,
        "Net Income": -10
    },
    "2014-03-31": {
        "Diluted EPS": -0.37,
        "Total Revenue": 94,
        "Gross Profit": 26,
        "Operating Income": -14,
        "EBIT": -14,
        "Net Income": -24
    },
    "2013-12-31": {
        "Diluted EPS": -0.01,
        "Total Revenue": 90,
        "Gross Profit": 21,
        "Operating Income": 0,
        "EBIT": 0,
        "Net Income": -1
    },
    "2013-09-30": {
        "Diluted EPS": -0.03,
        "Total Revenue": 84,
        "Gross Profit": 22,
        "Operating Income": 4,
        "EBIT": 4,
        "Net Income": -2
    },
    "2013-06-30": {
        "Diluted EPS": -0.12,
        "Total Revenue": 77,
        "Gross Profit": 20,
        "Operating Income": 4,
        "EBIT": 4,
        "Net Income": -7
    },
    "2013-03-31": {
        "Diluted EPS": 0.03,
        "Total Revenue": 70,
        "Gross Profit": 19,
        "Operating Income": 4,
        "EBIT": 4,
        "Net Income": 2
    },
    "2012-12-31": {
        "Diluted EPS": 0.12,
        "Total Revenue": 67,
        "Gross Profit": 17,
        "Operating Income": 0,
        "EBIT": 0,
        "Net Income": 7
    },
    "2012-09-30": {
        "Diluted EPS": 0.03,
        "Total Revenue": 63,
        "Gross Profit": 18,
        "Operating Income": 3,
        "EBIT": 3,
        "Net Income": 2
    },
    "2012-06-30": {
        "Diluted EPS": 0.06,
        "Total Revenue": 57,
        "Gross Profit": 16,
        "Operating Income": 5,
        "EBIT": 5,
        "Net Income": 3
    },
    "2012-03-31": {
        "Diluted EPS": -0.06,
        "Total Revenue": 55,
        "Gross Profit": 16,
        "Operating Income": 5,
        "EBIT": 5,
        "Net Income": -3
    },
    "2011-12-31": {
        "Diluted EPS": 0.01,
        "Total Revenue": 51,
        "Gross Profit": 12,
        "Operating Income": 2,
        "EBIT": 2,
        "Net Income": 0
    },
    "2011-09-30": {
        "Diluted EPS": 0.22,
        "Total Revenue": 41,
        "Gross Profit": 11,
        "Operating Income": 3,
        "EBIT": 3,
        "Net Income": 13
    },
    "2011-06-30": {
        "Diluted EPS": -0.1,
        "Total Revenue": 36,
        "Gross Profit": 10,
        "Operating Income": 3,
        "EBIT": 3,
        "Net Income": -5
    },
    "2011-03-31": {
        "Diluted EPS": -0.36,
        "Total Revenue": 32,
        "Gross Profit": 8,
        "Operating Income": 2,
        "EBIT": 2,
        "Net Income": -6
    },
    "2010-12-31": {
        "Diluted EPS": -2.59,
        "Total Revenue": 30,
        "Gross Profit": 30,
        "Operating Income": 30,
        "EBIT": 30,
        "Net Income": -31
    },
    "2010-09-30": {
        "Diluted EPS": -0.47,
        "Total Revenue": 18,
        "Gross Profit": 18,
        "Operating Income": 18,
        "EBIT": 18,
        "Net Income": -6
    },
    "2010-06-30": {
        "Diluted EPS": 0.06,
        "Total Revenue": 17,
        "Gross Profit": 17,
        "Operating Income": 17,
        "EBIT": 17,
        "Net Income": 1
    },
    "2010-03-31": {
        "Diluted EPS": -0.21,
        "Total Revenue": 14,
        "Gross Profit": 14,
        "Operating Income": 14,
        "EBIT": 14,
        "Net Income": -3
    },
    "2023-06-30": {
        "Tax Effect Of Unusual Items": -108590400.0,
        "Tax Rate For Calcs": 0.4,
        "Normalized EBITDA": 550191000.0,
        "Total Unusual Items": -271476000.0,
        "Total Unusual Items Excluding Goodwill": -271476000.0,
        "Net Income From Continuing Operation Net Minority Interest": -232879000.0,
        "Reconciled Depreciation": 433015000.0,
        "Reconciled Cost Of Revenue": 1478995000.0,
        "EBITDA": 278715000.0,
        "EBIT": -154300000.0,
        "Net Interest Income": -61671000.0,
        "Interest Expense": 71709000.0,
        "Interest Income": 10038000.0,
        "Normalized Income": -69993400.0,
        "Net Income From Continuing And Discontinued Operation": -232879000.0,
        "Total Expenses": 1728478000.0,
        "Total Operating Income As Reported": 93266000.0,
        "Diluted Average Shares": 148117664.0,
        "Basic Average Shares": 148117664.0,
        "Diluted EPS": -1.56,
        "Basic EPS": -1.56,
        "Diluted NI Availto Com Stockholders": -232879000.0,
        "Net Income Common Stockholders": -232879000.0,
        "Net Income": -232879000.0,
        "Minority Interests": 4692000.0,
        "Net Income Including Noncontrolling Interests": -237571000.0,
        "Net Income Continuous Operations": -237571000.0,
        "Earnings From Equity Interest Net Of Tax": 983000.0,
        "Tax Provision": 12545000.0,
        "Pretax Income": -226009000.0,
        "Other Income Expense": -257604000.0,
        "Other Non Operating Income Expenses": 13872000.0,
        "Special Income Charges": NaN,
        "Write Off": NaN,
        "Impairment Of Capital Assets": NaN,
        "Gain On Sale Of Security": -271476000.0,
        "Net Non Operating Interest Income Expense": -61671000.0,
        "Interest Expense Non Operating": 71709000.0,
        "Interest Income Non Operating": 10038000.0,
        "Operating Income": 93266000.0,
        "Operating Expense": 249483000.0,
        "Other Operating Expenses": -13895000.0,
        "Provision For Doubtful Accounts": -8833000.0,
        "Research And Development": 81126000.0,
        "Selling General And Administration": 191085000.0,
        "Selling And Marketing Expense": 63068000.0,
        "General And Administrative Expense": 128017000.0,
        "Other Gand A": 128017000.0,
        "Gross Profit": 342749000.0,
        "Cost Of Revenue": 1478995000.0,
        "Total Revenue": 1821744000.0,
        "Operating Revenue": 1821744000.0
    },
    "2023-09-30": {
        "Tax Effect Of Unusual Items": 3372750.0,
        "Tax Rate For Calcs": 0.25,
        "Normalized EBITDA": 503504000.0,
        "Total Unusual Items": 13491000.0,
        "Total Unusual Items Excluding Goodwill": 13491000.0,
        "Net Income From Continuing Operation Net Minority Interest": -50462000.0,
        "Reconciled Depreciation": 461603000.0,
        "Reconciled Cost Of Revenue": 1580446000.0,
        "EBITDA": 516995000.0,
        "EBIT": 55392000.0,
        "Net Interest Income": -78913000.0,
        "Interest Expense": 91800000.0,
        "Interest Income": 12887000.0,
        "Normalized Income": -60580250.0,
        "Net Income From Continuing And Discontinued Operation": -50462000.0,
        "Total Expenses": 1854737000.0,
        "Total Operating Income As Reported": 32187000.0,
        "Diluted Average Shares": 148176479.0,
        "Basic Average Shares": 148176479.0,
        "Diluted EPS": -0.36,
        "Basic EPS": -0.36,
        "Diluted NI Availto Com Stockholders": -50462000.0,
        "Net Income Common Stockholders": -50462000.0,
        "Net Income": -50462000.0,
        "Minority Interests": -10579000.0,
        "Net Income Including Noncontrolling Interests": -39883000.0,
        "Net Income Continuous Operations": -39883000.0,
        "Earnings From Equity Interest Net Of Tax": 2842000.0,
        "Tax Provision": 6317000.0,
        "Pretax Income": -36408000.0,
        "Other Income Expense": 10318000.0,
        "Other Non Operating Income Expenses": -3173000.0,
        "Special Income Charges": -11115000.0,
        "Write Off": 11115000.0,
        "Impairment Of Capital Assets": NaN,
        "Gain On Sale Of Security": 24606000.0,
        "Net Non Operating Interest Income Expense": -78913000.0,
        "Interest Expense Non Operating": 91800000.0,
        "Interest Income Non Operating": 12887000.0,
        "Operating Income": 32187000.0,
        "Operating Expense": 274291000.0,
        "Other Operating Expenses": -26706000.0,
        "Provision For Doubtful Accounts": 18316000.0,
        "Research And Development": 80673000.0,
        "Selling General And Administration": 202008000.0,
        "Selling And Marketing Expense": 64077000.0,
        "General And Administrative Expense": 137931000.0,
        "Other Gand A": 137931000.0,
        "Gross Profit": 306478000.0,
        "Cost Of Revenue": 1580446000.0,
        "Total Revenue": 1886924000.0,
        "Operating Revenue": 1886924000.0
    }
}