{
    "2023-06-30": {
        "Tax Effect Of Unusual Items": NaN,
        "Tax Rate For Calcs": NaN,
        "Normalized EBITDA": NaN,
        "Total Unusual Items": NaN,
        "Total Unusual Items Excluding Goodwill": NaN,
        "Net Income From Continuing Operation Net Minority Interest": NaN,
        "Reconciled Depreciation": NaN,
        "Reconciled Cost Of Revenue": NaN,
        "EBITDA": NaN,
        "EBIT": NaN,
        "Net Interest Income": NaN,
        "Interest Expense": NaN,
        "Normalized Income": NaN,
        "Net Income From Continuing And Discontinued Operation": NaN,
        "Total Expenses": NaN,
        "Total Operating Income As Reported": NaN,
        "Diluted Average Shares": NaN,
        "Basic Average Shares": NaN,
        "Diluted EPS": NaN,
        "Basic EPS": NaN,
        "Diluted NI Availto Com Stockholders": NaN,
        "Net Income Common Stockholders": NaN,
        "Otherunder Preferred Stock Dividend": NaN,
        "Net Income": NaN,
        "Minority Interests": NaN,
        "Net Income Including Noncontrolling Interests": NaN,
        "Net Income Continuous Operations": NaN,
        "Tax Provision": NaN,
        "Pretax Income": NaN,
        "Other Income Expense": NaN,
        "Other Non Operating Income Expenses": 1000.0,
        "Gain On Sale Of Security": NaN,
        "Net Non Operating Interest Income Expense": NaN,
        "Interest Expense Non Operating": NaN,
        "Operating Income": NaN,
        "Operating Expense": NaN,
        "Other Operating Expenses": NaN,
        "Selling General And Administration": NaN,
        "General And Administrative Expense": NaN,
        "Other Gand A": NaN,
        "Gross Profit": NaN,
        "Cost Of Revenue": NaN,
        "Total Revenue": NaN,
        "Operating Revenue": NaN
    },
    "2023-03-31": {
        "Tax Effect Of Unusual Items": NaN,
        "Tax Rate For Calcs": NaN,
        "Normalized EBITDA": NaN,
        "Total Unusual Items": NaN,
        "Total Unusual Items Excluding Goodwill": NaN,
        "Net Income From Continuing Operation Net Minority Interest": NaN,
        "Reconciled Depreciation": NaN,
        "Reconciled Cost Of Revenue": NaN,
        "EBITDA": NaN,
        "EBIT": NaN,
        "Net Interest Income": NaN,
        "Interest Expense": NaN,
        "Normalized Income": NaN,
        "Net Income From Continuing And Discontinued Operation": NaN,
        "Total Expenses": NaN,
        "Total Operating Income As Reported": NaN,
        "Diluted Average Shares": NaN,
        "Basic Average Shares": NaN,
        "Diluted EPS": NaN,
        "Basic EPS": NaN,
        "Diluted NI Availto Com Stockholders": NaN,
        "Net Income Common Stockholders": NaN,
        "Otherunder Preferred Stock Dividend": NaN,
        "Net Income": NaN,
        "Minority Interests": NaN,
        "Net Income Including Noncontrolling Interests": NaN,
        "Net Income Continuous Operations": NaN,
        "Tax Provision": NaN,
        "Pretax Income": NaN,
        "Other Income Expense": NaN,
        "Other Non Operating Income Expenses": 141000.0,
        "Gain On Sale Of Security": NaN,
        "Net Non Operating Interest Income Expense": NaN,
        "Interest Expense Non Operating": NaN,
        "Operating Income": NaN,
        "Operating Expense": NaN,
        "Other Operating Expenses": NaN,
        "Selling General And Administration": NaN,
        "General And Administrative Expense": NaN,
        "Other Gand A": NaN,
        "Gross Profit": NaN,
        "Cost Of Revenue": NaN,
        "Total Revenue": NaN,
        "Operating Revenue": NaN
    },
    "2022-12-31": {
        "Tax Effect Of Unusual Items": 40425.022472,
        "Tax Rate For Calcs": 0.032919,
        "Normalized EBITDA": 190446000.0,
        "Total Unusual Items": 1228000.0,
        "Total Unusual Items Excluding Goodwill": 1228000.0,
        "Net Income From Continuing Operation Net Minority Interest": 21706000.0,
        "Reconciled Depreciation": 31238000.0,
        "Reconciled Cost Of Revenue": 42063000.0,
        "EBITDA": 191674000.0,
        "EBIT": 160436000.0,
        "Net Interest Income": -10251000.0,
        "Interest Expense": 10251000.0,
        "Normalized Income": 20518425.022472,
        "Net Income From Continuing And Discontinued Operation": 21706000.0,
        "Total Expenses": 44439000.0,
        "Total Operating Income As Reported": 158992000.0,
        "Diluted Average Shares": 73884000.0,
        "Basic Average Shares": 73823000.0,
        "Diluted EPS": 0.29,
        "Basic EPS": 0.29,
        "Diluted NI Availto Com Stockholders": 21650000.0,
        "Net Income Common Stockholders": 21650000.0,
        "Otherunder Preferred Stock Dividend": 56000.0,
        "Net Income": 21706000.0,
        "Minority Interests": -123535000.0,
        "Net Income Including Noncontrolling Interests": 145241000.0,
        "Net Income Continuous Operations": 145241000.0,
        "Tax Provision": 4944000.0,
        "Pretax Income": 150185000.0,
        "Other Income Expense": 1444000.0,
        "Other Non Operating Income Expenses": 216000.0,
        "Gain On Sale Of Security": 1228000.0,
        "Net Non Operating Interest Income Expense": -10251000.0,
        "Interest Expense Non Operating": 10251000.0,
        "Operating Income": 158992000.0,
        "Operating Expense": 2376000.0,
        "Other Operating Expenses": -194000.0,
        "Selling General And Administration": 2570000.0,
        "General And Administrative Expense": 2570000.0,
        "Other Gand A": 2570000.0,
        "Gross Profit": 161368000.0,
        "Cost Of Revenue": 42063000.0,
        "Total Revenue": 203431000.0,
        "Operating Revenue": 203431000.0
    },
    "2022-09-30": {
        "Tax Effect Of Unusual Items": 185220.0,
        "Tax Rate For Calcs": 0.21,
        "Normalized EBITDA": 204002000.0,
        "Total Unusual Items": 882000.0,
        "Total Unusual Items Excluding Goodwill": 882000.0,
        "Net Income From Continuing Operation Net Minority Interest": 79340000.0,
        "Reconciled Depreciation": 30460000.0,
        "Reconciled Cost Of Revenue": 46098000.0,
        "EBITDA": 204884000.0,
        "EBIT": 174424000.0,
        "Net Interest Income": -10731000.0,
        "Interest Expense": 10731000.0,
        "Normalized Income": 78643220.0,
        "Net Income From Continuing And Discontinued Operation": 79340000.0,
        "Total Expenses": 48026000.0,
        "Total Operating Income As Reported": 173380000.0,
        "Diluted Average Shares": 74943000.0,
        "Basic Average Shares": 74943000.0,
        "Diluted EPS": 1.06,
        "Basic EPS": 1.06,
        "Diluted NI Availto Com Stockholders": 79340000.0,
        "Net Income Common Stockholders": 79340000.0,
        "Otherunder Preferred Stock Dividend": 173000.0,
        "Net Income": 79340000.0,
        "Minority Interests": -130762000.0,
        "Net Income Including Noncontrolling Interests": 210102000.0,
        "Net Income Continuous Operations": 210102000.0,
        "Tax Provision": -46409000.0,
        "Pretax Income": 163693000.0,
        "Other Income Expense": 1044000.0,
        "Other Non Operating Income Expenses": 162000.0,
        "Gain On Sale Of Security": 882000.0,
        "Net Non Operating Interest Income Expense": -10731000.0,
        "Interest Expense Non Operating": 10731000.0,
        "Operating Income": 173380000.0,
        "Operating Expense": 1928000.0,
        "Other Operating Expenses": -211000.0,
        "Selling General And Administration": 2139000.0,
        "General And Administrative Expense": 2139000.0,
        "Other Gand A": 2139000.0,
        "Gross Profit": 175308000.0,
        "Cost Of Revenue": 46098000.0,
        "Total Revenue": 221406000.0,
        "Operating Revenue": 221406000.0
    },
    "2022-06-30": {
        "Tax Effect Of Unusual Items": -65678.665032,
        "Tax Rate For Calcs": 0.034769,
        "Normalized EBITDA": 221435000.0,
        "Total Unusual Items": -1889000.0,
        "Total Unusual Items Excluding Goodwill": -1889000.0,
        "Net Income From Continuing Operation Net Minority Interest": 34022000.0,
        "Reconciled Depreciation": 31962000.0,
        "Reconciled Cost Of Revenue": 48001000.0,
        "EBITDA": 219546000.0,
        "EBIT": 187584000.0,
        "Net Interest Income": -9782000.0,
        "Interest Expense": 9782000.0,
        "Normalized Income": 35845321.334968,
        "Net Income From Continuing And Discontinued Operation": 34022000.0,
        "Total Expenses": 49718000.0,
        "Total Operating Income As Reported": 189441000.0,
        "Diluted Average Shares": 76729000.0,
        "Basic Average Shares": 76620000.0,
        "Diluted EPS": 0.44,
        "Basic EPS": 0.44,
        "Diluted NI Availto Com Stockholders": 34022000.0,
        "Net Income Common Stockholders": 34022000.0,
        "Otherunder Preferred Stock Dividend": 113000.0,
        "Net Income": 34022000.0,
        "Minority Interests": -137598000.0,
        "Net Income Including Noncontrolling Interests": 171620000.0,
        "Net Income Continuous Operations": 171620000.0,
        "Tax Provision": 6182000.0,
        "Pretax Income": 177802000.0,
        "Other Income Expense": -1857000.0,
        "Other Non Operating Income Expenses": 32000.0,
        "Gain On Sale Of Security": -1889000.0,
        "Net Non Operating Interest Income Expense": -9782000.0,
        "Interest Expense Non Operating": 9782000.0,
        "Operating Income": 189441000.0,
        "Operating Expense": 1717000.0,
        "Other Operating Expenses": -163000.0,
        "Selling General And Administration": 1880000.0,
        "General And Administrative Expense": 1880000.0,
        "Other Gand A": 1880000.0,
        "Gross Profit": 191158000.0,
        "Cost Of Revenue": 48001000.0,
        "Total Revenue": 239159000.0,
        "Operating Revenue": 239159000.0
    },
    "2022-03-31": {
        "Diluted EPS": 0.22,
        "Total Revenue": 202,
        "Gross Profit": 202,
        "Operating Income": 159,
        "EBIT": 186,
        "Net Income": 17
    },
    "2021-12-31": {
        "Diluted EPS": 0.57,
        "Total Revenue": 166,
        "Gross Profit": 166,
        "Operating Income": 126,
        "EBIT": 155,
        "Net Income": 39
    },
    "2021-09-30": {
        "Diluted EPS": 0.26,
        "Total Revenue": 128,
        "Gross Profit": 128,
        "Operating Income": 92,
        "EBIT": 118,
        "Net Income": 17
    },
    "2021-06-30": {
        "Diluted EPS": 0.07,
        "Total Revenue": 114,
        "Gross Profit": 114,
        "Operating Income": 80,
        "EBIT": 104,
        "Net Income": 5
    },
    "2021-03-31": {
        "Diluted EPS": -0.05,
        "Total Revenue": 97,
        "Gross Profit": 97,
        "Operating Income": 63,
        "EBIT": 88,
        "Net Income": -3
    },
    "2020-12-31": {
        "Diluted EPS": -0.41,
        "Total Revenue": 76,
        "Gross Profit": 76,
        "Operating Income": -29,
        "EBIT": 0,
        "Net Income": -28
    },
    "2020-09-30": {
        "Diluted EPS": -0.01,
        "Total Revenue": 63,
        "Gross Profit": 63,
        "Operating Income": 31,
        "EBIT": 56,
        "Net Income": -1
    },
    "2020-06-30": {
        "Diluted EPS": -0.32,
        "Total Revenue": 33,
        "Gross Profit": 33,
        "Operating Income": 5,
        "EBIT": 28,
        "Net Income": -22
    },
    "2020-03-31": {
        "Diluted EPS": -2.1,
        "Total Revenue": 79,
        "Gross Profit": 79,
        "Operating Income": 45,
        "EBIT": 70,
        "Net Income": -142
    },
    "2019-12-31": {
        "Diluted EPS": -0.03,
        "Total Revenue": 93,
        "Gross Profit": 93,
        "Operating Income": 57,
        "EBIT": 84,
        "Net Income": 2
    },
    "2019-09-30": {
        "Diluted EPS": 0.13,
        "Total Revenue": 72,
        "Gross Profit": 72,
        "Operating Income": 47,
        "EBIT": 65,
        "Net Income": 8
    },
    "2019-06-30": {
        "Diluted EPS": 0.04,
        "Total Revenue": 72,
        "Gross Profit": 72,
        "Operating Income": 50,
        "EBIT": 66,
        "Net Income": 2
    },
    "2019-03-31": {
        "Diluted EPS": 0.61,
        "Total Revenue": 62,
        "Gross Profit": 62,
        "Operating Income": 40,
        "EBIT": 56,
        "Net Income": 34
    },
    "2018-12-31": {
        "Diluted EPS": 0.23,
        "Total Revenue": 74,
        "Gross Profit": 74,
        "Operating Income": 50,
        "EBIT": 67,
        "Net Income": -1
    },
    "2018-09-30": {
        "Diluted EPS": 0.05,
        "Total Revenue": 78,
        "Gross Profit": 78,
        "Operating Income": 55,
        "EBIT": 72,
        "Net Income": 2
    },
    "2018-06-30": {
        "Diluted EPS": 1.35,
        "Total Revenue": 75,
        "Gross Profit": 75,
        "Operating Income": 55,
        "EBIT": 68,
        "Net Income": 99
    },
    "2018-03-31": {
        "Diluted EPS": 0.38,
        "Total Revenue": 62,
        "Gross Profit": 62,
        "Operating Income": 44,
        "EBIT": 55,
        "Net Income": 43
    },
    "2017-12-31": {
        "Diluted EPS": 0.38,
        "Total Revenue": 59,
        "Gross Profit": 59,
        "Operating Income": 43,
        "EBIT": 55,
        "Net Income": 42
    },
    "2017-09-30": {
        "Diluted EPS": 0.24,
        "Total Revenue": 43,
        "Gross Profit": 43,
        "Operating Income": 27,
        "EBIT": 38,
        "Net Income": 27
    },
    "2017-06-30": {
        "Diluted EPS": 0.23,
        "Total Revenue": 37,
        "Gross Profit": 37,
        "Operating Income": 22,
        "EBIT": 32,
        "Net Income": 22
    },
    "2017-03-31": {
        "Diluted EPS": 0.22,
        "Total Revenue": 34,
        "Gross Profit": 34,
        "Operating Income": 21,
        "EBIT": 29,
        "Net Income": 21
    },
    "2016-12-31": {
        "Diluted EPS": 0.22,
        "Total Revenue": 28,
        "Gross Profit": 28,
        "Operating Income": 17,
        "EBIT": 25,
        "Net Income": 16
    },
    "2016-09-30": {
        "Diluted EPS": 0.12,
        "Total Revenue": 20,
        "Gross Profit": 20,
        "Operating Income": 11,
        "EBIT": 17,
        "Net Income": 10
    },
    "2016-06-30": {
        "Diluted EPS": -0.18,
        "Total Revenue": 17,
        "Gross Profit": 17,
        "Operating Income": -14,
        "EBIT": -7,
        "Net Income": -14
    },
    "2016-03-31": {
        "Diluted EPS": -0.29,
        "Total Revenue": 14,
        "Gross Profit": 14,
        "Operating Income": -23,
        "EBIT": -15,
        "Net Income": -23
    },
    "2015-12-31": {
        "Diluted EPS": 0.07,
        "Total Revenue": 20,
        "Gross Profit": 20,
        "Operating Income": 5,
        "EBIT": 14,
        "Net Income": 5
    },
    "2015-09-30": {
        "Diluted EPS": 0.08,
        "Total Revenue": 19,
        "Gross Profit": 19,
        "Operating Income": 7,
        "EBIT": 15,
        "Net Income": 6
    },
    "2015-06-30": {
        "Diluted EPS": 0.1,
        "Total Revenue": 20,
        "Gross Profit": 20,
        "Operating Income": 8,
        "EBIT": 17,
        "Net Income": 8
    },
    "2015-03-31": {
        "Diluted EPS": 0.06,
        "Total Revenue": 17,
        "Gross Profit": 17,
        "Operating Income": 5,
        "EBIT": 14,
        "Net Income": 5
    },
    "2014-12-31": {
        "Diluted EPS": 0.14,
        "Total Revenue": 22,
        "Gross Profit": 22,
        "Operating Income": 11,
        "EBIT": 19,
        "Net Income": 11
    },
    "2014-09-30": {
        "Diluted EPS": 0.14,
        "Total Revenue": 23,
        "Gross Profit": 23,
        "Operating Income": 11,
        "EBIT": 19,
        "Net Income": 11
    },
    "2014-06-30": {
        "Diluted EPS": 0.01,
        "Total Revenue": 17,
        "Gross Profit": 17,
        "Operating Income": 9,
        "EBIT": 16,
        "Net Income": 4
    },
    "2014-03-31": {
        "Diluted EPS": 0.0,
        "Total Revenue": 16,
        "Gross Profit": 16,
        "Operating Income": 9,
        "EBIT": 15,
        "Net Income": 4
    },
    "2013-12-31": {
        "Diluted EPS": 0.0,
        "Total Revenue": NaN,
        "Gross Profit": NaN,
        "Operating Income": NaN,
        "EBIT": NaN,
        "Net Income": NaN
    },
    "2023-09-30": {
        "Tax Effect Of Unusual Items": -286848.0,
        "Tax Rate For Calcs": 0.096,
        "Normalized EBITDA": 279330000.0,
        "Total Unusual Items": -2988000.0,
        "Total Unusual Items Excluding Goodwill": -2988000.0,
        "Net Income From Continuing Operation Net Minority Interest": 78599000.0,
        "Reconciled Depreciation": 36280000.0,
        "Reconciled Cost Of Revenue": 48566000.0,
        "EBITDA": 276342000.0,
        "EBIT": 240062000.0,
        "Net Interest Income": -10970000.0,
        "Interest Expense": 10970000.0,
        "Normalized Income": 81300152.0,
        "Net Income From Continuing And Discontinued Operation": 78599000.0,
        "Total Expenses": 50253000.0,
        "Total Operating Income As Reported": 242794000.0,
        "Diluted Average Shares": 70925000.0,
        "Basic Average Shares": 70925000.0,
        "Diluted EPS": 1.11,
        "Basic EPS": 1.11,
        "Diluted NI Availto Com Stockholders": 78453000.0,
        "Net Income Common Stockholders": 78453000.0,
        "Otherunder Preferred Stock Dividend": 146000.0,
        "Net Income": 78599000.0,
        "Minority Interests": -128614000.0,
        "Net Income Including Noncontrolling Interests": 207213000.0,
        "Net Income Continuous Operations": 207213000.0,
        "Tax Provision": 21879000.0,
        "Pretax Income": 229092000.0,
        "Other Income Expense": -2732000.0,
        "Other Non Operating Income Expenses": 256000.0,
        "Gain On Sale Of Security": -2988000.0,
        "Net Non Operating Interest Income Expense": -10970000.0,
        "Interest Expense Non Operating": 10970000.0,
        "Operating Income": 242794000.0,
        "Operating Expense": 1687000.0,
        "Other Operating Expenses": -193000.0,
        "Selling General And Administration": 1880000.0,
        "General And Administrative Expense": 1880000.0,
        "Other Gand A": 1880000.0,
        "Gross Profit": 244481000.0,
        "Cost Of Revenue": 48566000.0,
        "Total Revenue": 293047000.0,
        "Operating Revenue": 293047000.0
    },
    "2023-12-31": {
        "Tax Effect Of Unusual Items": 230147.743439,
        "Tax Rate For Calcs": 0.047046,
        "Normalized EBITDA": 188770000.0,
        "Total Unusual Items": 4892000.0,
        "Total Unusual Items Excluding Goodwill": 4892000.0,
        "Net Income From Continuing Operation Net Minority Interest": 56972000.0,
        "Reconciled Depreciation": 44787000.0,
        "Reconciled Cost Of Revenue": 57394000.0,
        "EBITDA": 193662000.0,
        "EBIT": 148875000.0,
        "Net Interest Income": -16727000.0,
        "Interest Expense": 16727000.0,
        "Normalized Income": 52310147.743439,
        "Net Income From Continuing And Discontinued Operation": 56972000.0,
        "Total Expenses": 61566000.0,
        "Total Operating Income As Reported": 143011000.0,
        "Diluted Average Shares": 81219000.0,
        "Basic Average Shares": 81219000.0,
        "Diluted EPS": 0.7,
        "Basic EPS": 0.7,
        "Diluted NI Availto Com Stockholders": 56936000.0,
        "Net Income Common Stockholders": 56936000.0,
        "Otherunder Preferred Stock Dividend": 36000.0,
        "Net Income": 56972000.0,
        "Minority Interests": -68959000.0,
        "Net Income Including Noncontrolling Interests": 125931000.0,
        "Net Income Continuous Operations": 125931000.0,
        "Tax Provision": 6217000.0,
        "Pretax Income": 132148000.0,
        "Other Income Expense": 5864000.0,
        "Other Non Operating Income Expenses": 972000.0,
        "Gain On Sale Of Security": 4892000.0,
        "Net Non Operating Interest Income Expense": -16727000.0,
        "Interest Expense Non Operating": 16727000.0,
        "Operating Income": 143011000.0,
        "Operating Expense": 4172000.0,
        "Other Operating Expenses": 221000.0,
        "Selling General And Administration": 3951000.0,
        "General And Administrative Expense": 3951000.0,
        "Other Gand A": 3951000.0,
        "Gross Profit": 147183000.0,
        "Cost Of Revenue": 57394000.0,
        "Total Revenue": 204577000.0,
        "Operating Revenue": 204577000.0
    },
    "2024-03-31": {
        "Tax Effect Of Unusual Items": -839104.0,
        "Tax Rate For Calcs": 0.112,
        "Normalized EBITDA": 186117000.0,
        "Total Unusual Items": -7492000.0,
        "Total Unusual Items Excluding Goodwill": -7492000.0,
        "Net Income From Continuing Operation Net Minority Interest": 43360000.0,
        "Reconciled Depreciation": 46933000.0,
        "Reconciled Cost Of Revenue": 61339000.0,
        "EBITDA": 178625000.0,
        "EBIT": 131692000.0,
        "Net Interest Income": -19588000.0,
        "Interest Expense": 19588000.0,
        "Normalized Income": 50012896.0,
        "Net Income From Continuing And Discontinued Operation": 43360000.0,
        "Total Expenses": 66311000.0,
        "Total Operating Income As Reported": 138926000.0,
        "Diluted Average Shares": 87629000.0,
        "Basic Average Shares": 87537000.0,
        "Diluted EPS": 0.49,
        "Basic EPS": 0.49,
        "Diluted NI Availto Com Stockholders": 43304000.0,
        "Net Income Common Stockholders": 43304000.0,
        "Otherunder Preferred Stock Dividend": 56000.0,
        "Net Income": 43360000.0,
        "Minority Interests": -56215000.0,
        "Net Income Including Noncontrolling Interests": 99575000.0,
        "Net Income Continuous Operations": 99575000.0,
        "Tax Provision": 12529000.0,
        "Pretax Income": 112104000.0,
        "Other Income Expense": -7234000.0,
        "Other Non Operating Income Expenses": 258000.0,
        "Gain On Sale Of Security": -7492000.0,
        "Net Non Operating Interest Income Expense": -19588000.0,
        "Interest Expense Non Operating": 19588000.0,
        "Operating Income": 138926000.0,
        "Operating Expense": 4972000.0,
        "Other Operating Expenses": -61000.0,
        "Selling General And Administration": 5033000.0,
        "General And Administrative Expense": 5033000.0,
        "Other Gand A": 5033000.0,
        "Gross Profit": 143898000.0,
        "Cost Of Revenue": 61339000.0,
        "Total Revenue": 205237000.0,
        "Operating Revenue": 205237000.0
    },
    "2024-06-30": {
        "Tax Effect Of Unusual Items": 513216.0,
        "Tax Rate For Calcs": 0.096,
        "Normalized EBITDA": 196913000.0,
        "Total Unusual Items": 5346000.0,
        "Total Unusual Items Excluding Goodwill": 5346000.0,
        "Net Income From Continuing Operation Net Minority Interest": 56901000.0,
        "Reconciled Depreciation": 48360000.0,
        "Reconciled Cost Of Revenue": 63561000.0,
        "EBITDA": 202259000.0,
        "EBIT": 153899000.0,
        "Net Interest Income": -18667000.0,
        "Interest Expense": 18667000.0,
        "Normalized Income": 52068216.0,
        "Net Income From Continuing And Discontinued Operation": 56901000.0,
        "Total Expenses": 68029000.0,
        "Total Operating Income As Reported": 148553000.0,
        "Diluted Average Shares": 91424000.0,
        "Basic Average Shares": 91424000.0,
        "Diluted EPS": 0.62,
        "Basic EPS": 0.62,
        "Diluted NI Availto Com Stockholders": 56779000.0,
        "Net Income Common Stockholders": 56779000.0,
        "Otherunder Preferred Stock Dividend": 122000.0,
        "Net Income": 56901000.0,
        "Minority Interests": -65325000.0,
        "Net Income Including Noncontrolling Interests": 122226000.0,
        "Net Income Continuous Operations": 122226000.0,
        "Tax Provision": 13006000.0,
        "Pretax Income": 135232000.0,
        "Other Income Expense": 5346000.0,
        "Other Non Operating Income Expenses": NaN,
        "Gain On Sale Of Security": 5346000.0,
        "Net Non Operating Interest Income Expense": -18667000.0,
        "Interest Expense Non Operating": 18667000.0,
        "Operating Income": 148553000.0,
        "Operating Expense": 4468000.0,
        "Other Operating Expenses": 13000.0,
        "Selling General And Administration": 4455000.0,
        "General And Administrative Expense": 4455000.0,
        "Other Gand A": 4455000.0,
        "Gross Profit": 153021000.0,
        "Cost Of Revenue": 63561000.0,
        "Total Revenue": 216582000.0,
        "Operating Revenue": 216582000.0
    },
    "2024-09-30": {
        "Tax Effect Of Unusual Items": 1007760.0,
        "Tax Rate For Calcs": 0.136,
        "Normalized EBITDA": 190096000.0,
        "Total Unusual Items": 7410000.0,
        "Total Unusual Items Excluding Goodwill": 7410000.0,
        "Net Income From Continuing Operation Net Minority Interest": 48917000.0,
        "Reconciled Depreciation": 54528000.0,
        "Reconciled Cost Of Revenue": 69641000.0,
        "EBITDA": 197506000.0,
        "EBIT": 142978000.0,
        "Net Interest Income": -16739000.0,
        "Interest Expense": 16739000.0,
        "Normalized Income": 42514760.0,
        "Net Income From Continuing And Discontinued Operation": 48917000.0,
        "Total Expenses": 73840000.0,
        "Total Operating Income As Reported": 135568000.0,
        "Diluted Average Shares": 93747000.0,
        "Basic Average Shares": 93695000.0,
        "Diluted EPS": 0.52,
        "Basic EPS": 0.52,
        "Diluted NI Availto Com Stockholders": 48794000.0,
        "Net Income Common Stockholders": 48794000.0,
        "Otherunder Preferred Stock Dividend": 123000.0,
        "Net Income": 48917000.0,
        "Minority Interests": -60128000.0,
        "Net Income Including Noncontrolling Interests": 109045000.0,
        "Net Income Continuous Operations": 109045000.0,
        "Tax Provision": 17194000.0,
        "Pretax Income": 126239000.0,
        "Other Income Expense": 7410000.0,
        "Other Non Operating Income Expenses": NaN,
        "Gain On Sale Of Security": 7410000.0,
        "Net Non Operating Interest Income Expense": -16739000.0,
        "Interest Expense Non Operating": 16739000.0,
        "Operating Income": 135568000.0,
        "Operating Expense": 4199000.0,
        "Other Operating Expenses": -416000.0,
        "Selling General And Administration": 4615000.0,
        "General And Administrative Expense": 4615000.0,
        "Other Gand A": 4615000.0,
        "Gross Profit": 139767000.0,
        "Cost Of Revenue": 69641000.0,
        "Total Revenue": 209408000.0,
        "Operating Revenue": 209408000.0
    }
}