{
    "2023-03-31": {
        "Tax Effect Of Unusual Items": NaN,
        "Tax Rate For Calcs": NaN,
        "Normalized EBITDA": NaN,
        "Total Unusual Items": NaN,
        "Total Unusual Items Excluding Goodwill": NaN,
        "Net Income From Continuing Operation Net Minority Interest": NaN,
        "Reconciled Depreciation": NaN,
        "Reconciled Cost Of Revenue": NaN,
        "EBITDA": NaN,
        "EBIT": NaN,
        "Net Interest Income": NaN,
        "Interest Expense": NaN,
        "Normalized Income": NaN,
        "Net Income From Continuing And Discontinued Operation": NaN,
        "Total Expenses": NaN,
        "Total Operating Income As Reported": NaN,
        "Diluted Average Shares": NaN,
        "Basic Average Shares": NaN,
        "Diluted EPS": NaN,
        "Basic EPS": NaN,
        "Diluted NI Availto Com Stockholders": NaN,
        "Net Income Common Stockholders": NaN,
        "Net Income": NaN,
        "Net Income Including Noncontrolling Interests": NaN,
        "Net Income Continuous Operations": NaN,
        "Tax Provision": NaN,
        "Pretax Income": NaN,
        "Other Income Expense": NaN,
        "Other Non Operating Income Expenses": NaN,
        "Special Income Charges": NaN,
        "Gain On Sale Of Business": NaN,
        "Earnings From Equity Interest": 0.0,
        "Gain On Sale Of Security": NaN,
        "Net Non Operating Interest Income Expense": NaN,
        "Interest Expense Non Operating": NaN,
        "Operating Income": NaN,
        "Operating Expense": NaN,
        "Depreciation Amortization Depletion Income Statement": 20700000.0,
        "Depreciation And Amortization In Income Statement": 20700000.0,
        "Amortization": 20700000.0,
        "Amortization Of Intangibles Income Statement": 20700000.0,
        "Research And Development": NaN,
        "Selling General And Administration": NaN,
        "Gross Profit": NaN,
        "Cost Of Revenue": NaN,
        "Total Revenue": NaN,
        "Operating Revenue": NaN
    },
    "2022-12-31": {
        "Tax Effect Of Unusual Items": NaN,
        "Tax Rate For Calcs": NaN,
        "Normalized EBITDA": NaN,
        "Total Unusual Items": NaN,
        "Total Unusual Items Excluding Goodwill": NaN,
        "Net Income From Continuing Operation Net Minority Interest": NaN,
        "Reconciled Depreciation": NaN,
        "Reconciled Cost Of Revenue": NaN,
        "EBITDA": NaN,
        "EBIT": NaN,
        "Net Interest Income": NaN,
        "Interest Expense": NaN,
        "Normalized Income": NaN,
        "Net Income From Continuing And Discontinued Operation": NaN,
        "Total Expenses": NaN,
        "Total Operating Income As Reported": NaN,
        "Diluted Average Shares": NaN,
        "Basic Average Shares": NaN,
        "Diluted EPS": NaN,
        "Basic EPS": NaN,
        "Diluted NI Availto Com Stockholders": NaN,
        "Net Income Common Stockholders": NaN,
        "Net Income": NaN,
        "Net Income Including Noncontrolling Interests": NaN,
        "Net Income Continuous Operations": NaN,
        "Tax Provision": NaN,
        "Pretax Income": NaN,
        "Other Income Expense": NaN,
        "Other Non Operating Income Expenses": NaN,
        "Special Income Charges": NaN,
        "Gain On Sale Of Business": NaN,
        "Earnings From Equity Interest": 0.0,
        "Gain On Sale Of Security": -25900000.0,
        "Net Non Operating Interest Income Expense": NaN,
        "Interest Expense Non Operating": NaN,
        "Operating Income": NaN,
        "Operating Expense": NaN,
        "Depreciation Amortization Depletion Income Statement": NaN,
        "Depreciation And Amortization In Income Statement": NaN,
        "Amortization": NaN,
        "Amortization Of Intangibles Income Statement": NaN,
        "Research And Development": NaN,
        "Selling General And Administration": NaN,
        "Gross Profit": NaN,
        "Cost Of Revenue": NaN,
        "Total Revenue": NaN,
        "Operating Revenue": NaN
    },
    "2022-09-30": {
        "Tax Effect Of Unusual Items": NaN,
        "Tax Rate For Calcs": NaN,
        "Normalized EBITDA": NaN,
        "Total Unusual Items": NaN,
        "Total Unusual Items Excluding Goodwill": NaN,
        "Net Income From Continuing Operation Net Minority Interest": NaN,
        "Reconciled Depreciation": NaN,
        "Reconciled Cost Of Revenue": NaN,
        "EBITDA": NaN,
        "EBIT": NaN,
        "Net Interest Income": NaN,
        "Interest Expense": NaN,
        "Normalized Income": NaN,
        "Net Income From Continuing And Discontinued Operation": NaN,
        "Total Expenses": NaN,
        "Total Operating Income As Reported": NaN,
        "Diluted Average Shares": NaN,
        "Basic Average Shares": NaN,
        "Diluted EPS": NaN,
        "Basic EPS": NaN,
        "Diluted NI Availto Com Stockholders": NaN,
        "Net Income Common Stockholders": NaN,
        "Net Income": NaN,
        "Net Income Including Noncontrolling Interests": NaN,
        "Net Income Continuous Operations": NaN,
        "Tax Provision": NaN,
        "Pretax Income": NaN,
        "Other Income Expense": NaN,
        "Other Non Operating Income Expenses": NaN,
        "Special Income Charges": NaN,
        "Gain On Sale Of Business": NaN,
        "Write Off": 0.0,
        "Earnings From Equity Interest": NaN,
        "Gain On Sale Of Security": -65800000.0,
        "Net Non Operating Interest Income Expense": NaN,
        "Interest Expense Non Operating": NaN,
        "Operating Income": NaN,
        "Operating Expense": NaN,
        "Depreciation Amortization Depletion Income Statement": NaN,
        "Depreciation And Amortization In Income Statement": NaN,
        "Amortization": NaN,
        "Amortization Of Intangibles Income Statement": NaN,
        "Research And Development": NaN,
        "Selling General And Administration": NaN,
        "Gross Profit": NaN,
        "Cost Of Revenue": NaN,
        "Total Revenue": NaN,
        "Operating Revenue": NaN
    },
    "2022-06-30": {
        "Tax Effect Of Unusual Items": -15339805.825243,
        "Tax Rate For Calcs": 0.191748,
        "Normalized EBITDA": 165500000.0,
        "Total Unusual Items": -80000000.0,
        "Total Unusual Items Excluding Goodwill": -80000000.0,
        "Net Income From Continuing Operation Net Minority Interest": 33300000.0,
        "Reconciled Depreciation": 29000000.0,
        "Reconciled Cost Of Revenue": 428300000.0,
        "EBITDA": 85500000.0,
        "EBIT": 56500000.0,
        "Net Interest Income": -15300000.0,
        "Interest Expense": 15300000.0,
        "Normalized Income": 97960194.174757,
        "Net Income From Continuing And Discontinued Operation": 33300000.0,
        "Total Expenses": 639900000.0,
        "Total Operating Income As Reported": 136500000.0,
        "Diluted Average Shares": 161200000.0,
        "Basic Average Shares": 160500000.0,
        "Diluted EPS": 0.21,
        "Basic EPS": 0.21,
        "Diluted NI Availto Com Stockholders": 33300000.0,
        "Net Income Common Stockholders": 33300000.0,
        "Net Income": 33300000.0,
        "Net Income Including Noncontrolling Interests": 33300000.0,
        "Net Income Continuous Operations": 33300000.0,
        "Tax Provision": 7900000.0,
        "Pretax Income": 41200000.0,
        "Other Income Expense": -80000000.0,
        "Other Non Operating Income Expenses": NaN,
        "Special Income Charges": 0.0,
        "Gain On Sale Of Business": NaN,
        "Write Off": 0.0,
        "Earnings From Equity Interest": 0.0,
        "Gain On Sale Of Security": -80000000.0,
        "Net Non Operating Interest Income Expense": -15300000.0,
        "Interest Expense Non Operating": 15300000.0,
        "Operating Income": 136500000.0,
        "Operating Expense": 211600000.0,
        "Research And Development": 34900000.0,
        "Selling General And Administration": 176700000.0,
        "Gross Profit": 348100000.0,
        "Cost Of Revenue": 428300000.0,
        "Total Revenue": 776400000.0,
        "Operating Revenue": 776400000.0
    },
    "2023-06-30": {
        "Tax Effect Of Unusual Items": 8627300.0,
        "Tax Rate For Calcs": 0.253,
        "Normalized EBITDA": 151700000.0,
        "Total Unusual Items": 34100000.0,
        "Total Unusual Items Excluding Goodwill": 34100000.0,
        "Net Income From Continuing Operation Net Minority Interest": 97300000.0,
        "Reconciled Depreciation": 31600000.0,
        "Reconciled Cost Of Revenue": 416300000.0,
        "EBITDA": 185800000.0,
        "EBIT": 154200000.0,
        "Net Interest Income": -23900000.0,
        "Interest Expense": 23900000.0,
        "Normalized Income": 71827300.0,
        "Net Income From Continuing And Discontinued Operation": 97300000.0,
        "Total Expenses": 643800000.0,
        "Total Operating Income As Reported": 120600000.0,
        "Diluted Average Shares": 156300000.0,
        "Basic Average Shares": 155400000.0,
        "Diluted EPS": 0.62,
        "Basic EPS": 0.63,
        "Diluted NI Availto Com Stockholders": 97300000.0,
        "Net Income Common Stockholders": 97300000.0,
        "Net Income": 97300000.0,
        "Net Income Including Noncontrolling Interests": 97300000.0,
        "Net Income Continuous Operations": 97300000.0,
        "Tax Provision": 33000000.0,
        "Pretax Income": 130300000.0,
        "Other Income Expense": 33600000.0,
        "Other Non Operating Income Expenses": -500000.0,
        "Special Income Charges": 34100000.0,
        "Gain On Sale Of Business": 34100000.0,
        "Earnings From Equity Interest": 0.0,
        "Gain On Sale Of Security": NaN,
        "Net Non Operating Interest Income Expense": -23900000.0,
        "Interest Expense Non Operating": 23900000.0,
        "Operating Income": 120600000.0,
        "Operating Expense": 227500000.0,
        "Depreciation Amortization Depletion Income Statement": NaN,
        "Depreciation And Amortization In Income Statement": NaN,
        "Amortization": NaN,
        "Amortization Of Intangibles Income Statement": NaN,
        "Research And Development": 40300000.0,
        "Selling General And Administration": 187200000.0,
        "Gross Profit": 348100000.0,
        "Cost Of Revenue": 416300000.0,
        "Total Revenue": 764400000.0,
        "Operating Revenue": 764400000.0
    },
    "2022-03-31": {
        "Diluted EPS": 1.5,
        "Total Revenue": 748,
        "Gross Profit": 335,
        "Operating Income": 135,
        "EBIT": 165,
        "Net Income": 250
    },
    "2021-12-31": {
        "Diluted EPS": 0.66,
        "Total Revenue": 790,
        "Gross Profit": 356,
        "Operating Income": 161,
        "EBIT": 196,
        "Net Income": 112
    },
    "2021-09-30": {
        "Diluted EPS": 0.75,
        "Total Revenue": 769,
        "Gross Profit": 346,
        "Operating Income": 167,
        "EBIT": 190,
        "Net Income": 127
    },
    "2021-06-30": {
        "Diluted EPS": 0.48,
        "Total Revenue": 725,
        "Gross Profit": 319,
        "Operating Income": 121,
        "EBIT": 141,
        "Net Income": 82
    },
    "2021-03-31": {
        "Diluted EPS": 0.54,
        "Total Revenue": 707,
        "Gross Profit": 312,
        "Operating Income": 133,
        "EBIT": 154,
        "Net Income": 91
    },
    "2020-12-31": {
        "Diluted EPS": 0.79,
        "Total Revenue": 815,
        "Gross Profit": 363,
        "Operating Income": 178,
        "EBIT": 197,
        "Net Income": 137
    },
    "2020-09-30": {
        "Diluted EPS": 0.84,
        "Total Revenue": 747,
        "Gross Profit": 331,
        "Operating Income": 179,
        "EBIT": 199,
        "Net Income": 141
    },
    "2020-06-30": {
        "Diluted EPS": 0.41,
        "Total Revenue": 534,
        "Gross Profit": 231,
        "Operating Income": 90,
        "EBIT": 110,
        "Net Income": 68
    },
    "2020-03-31": {
        "Diluted EPS": -0.02,
        "Total Revenue": 609,
        "Gross Profit": 263,
        "Operating Income": 22,
        "EBIT": 126,
        "Net Income": -4
    },
    "2019-12-31": {
        "Diluted EPS": 0.0,
        "Total Revenue": NaN,
        "Gross Profit": NaN,
        "Operating Income": NaN,
        "EBIT": NaN,
        "Net Income": NaN
    },
    "2019-09-30": {
        "Diluted EPS": 0.72,
        "Total Revenue": 714,
        "Gross Profit": 308,
        "Operating Income": 155,
        "EBIT": 155,
        "Net Income": 121
    },
    "2018-12-31": {
        "Diluted EPS": 0.0,
        "Total Revenue": NaN,
        "Gross Profit": NaN,
        "Operating Income": NaN,
        "EBIT": NaN,
        "Net Income": NaN
    },
    "2023-09-30": {
        "Tax Effect Of Unusual Items": 73200.0,
        "Tax Rate For Calcs": 0.244,
        "Normalized EBITDA": 173500000.0,
        "Total Unusual Items": 300000.0,
        "Total Unusual Items Excluding Goodwill": 300000.0,
        "Net Income From Continuing Operation Net Minority Interest": 90600000.0,
        "Reconciled Depreciation": 31100000.0,
        "Reconciled Cost Of Revenue": 406400000.0,
        "EBITDA": 173800000.0,
        "EBIT": 142700000.0,
        "Net Interest Income": -22800000.0,
        "Interest Expense": 22800000.0,
        "Normalized Income": 90373200.0,
        "Net Income From Continuing And Discontinued Operation": 90600000.0,
        "Total Expenses": 622800000.0,
        "Total Operating Income As Reported": 142600000.0,
        "Diluted Average Shares": 155800000.0,
        "Basic Average Shares": 154800000.0,
        "Diluted EPS": 0.58,
        "Basic EPS": 0.59,
        "Diluted NI Availto Com Stockholders": 90600000.0,
        "Net Income Common Stockholders": 90600000.0,
        "Net Income": 90600000.0,
        "Net Income Including Noncontrolling Interests": 90600000.0,
        "Net Income Continuous Operations": 90600000.0,
        "Tax Provision": 29300000.0,
        "Pretax Income": 119900000.0,
        "Other Income Expense": 100000.0,
        "Other Non Operating Income Expenses": -200000.0,
        "Special Income Charges": 300000.0,
        "Gain On Sale Of Business": 300000.0,
        "Earnings From Equity Interest": 0.0,
        "Gain On Sale Of Security": NaN,
        "Net Non Operating Interest Income Expense": -22800000.0,
        "Interest Expense Non Operating": 22800000.0,
        "Operating Income": 142600000.0,
        "Operating Expense": 216400000.0,
        "Depreciation Amortization Depletion Income Statement": NaN,
        "Depreciation And Amortization In Income Statement": NaN,
        "Amortization": NaN,
        "Amortization Of Intangibles Income Statement": NaN,
        "Research And Development": 39100000.0,
        "Selling General And Administration": 177300000.0,
        "Gross Profit": 359000000.0,
        "Cost Of Revenue": 406400000.0,
        "Total Revenue": 765400000.0,
        "Operating Revenue": 765400000.0
    },
    "2023-12-31": {
        "Tax Effect Of Unusual Items": 0.0,
        "Tax Rate For Calcs": 0.146302,
        "Normalized EBITDA": 178600000.0,
        "Total Unusual Items": 0.0,
        "Total Unusual Items Excluding Goodwill": 0.0,
        "Net Income From Continuing Operation Net Minority Interest": 106200000.0,
        "Reconciled Depreciation": 31200000.0,
        "Reconciled Cost Of Revenue": 417900000.0,
        "EBITDA": 178600000.0,
        "EBIT": 147400000.0,
        "Net Interest Income": -23000000.0,
        "Interest Expense": 23000000.0,
        "Normalized Income": 106200000.0,
        "Net Income From Continuing And Discontinued Operation": 106200000.0,
        "Total Expenses": 642600000.0,
        "Total Operating Income As Reported": 146400000.0,
        "Diluted Average Shares": 155900000.0,
        "Basic Average Shares": 154600000.0,
        "Diluted EPS": 0.68,
        "Basic EPS": 0.69,
        "Diluted NI Availto Com Stockholders": 106200000.0,
        "Net Income Common Stockholders": 106200000.0,
        "Net Income": 106200000.0,
        "Net Income Including Noncontrolling Interests": 106200000.0,
        "Net Income Continuous Operations": 106200000.0,
        "Tax Provision": 18200000.0,
        "Pretax Income": 124400000.0,
        "Other Income Expense": 1000000.0,
        "Other Non Operating Income Expenses": 1000000.0,
        "Special Income Charges": 0.0,
        "Gain On Sale Of Business": 0.0,
        "Earnings From Equity Interest": 0.0,
        "Gain On Sale Of Security": NaN,
        "Net Non Operating Interest Income Expense": -23000000.0,
        "Interest Expense Non Operating": 23000000.0,
        "Operating Income": 146400000.0,
        "Operating Expense": 224700000.0,
        "Depreciation Amortization Depletion Income Statement": NaN,
        "Depreciation And Amortization In Income Statement": NaN,
        "Amortization": NaN,
        "Amortization Of Intangibles Income Statement": NaN,
        "Research And Development": 43100000.0,
        "Selling General And Administration": 100400000.0,
        "Gross Profit": 371100000.0,
        "Cost Of Revenue": 417900000.0,
        "Total Revenue": 789000000.0,
        "Operating Revenue": 789000000.0
    },
    "2024-03-31": {
        "Tax Effect Of Unusual Items": 6368000.0,
        "Tax Rate For Calcs": 0.16,
        "Normalized EBITDA": 173300000.0,
        "Total Unusual Items": 39800000.0,
        "Total Unusual Items Excluding Goodwill": 39800000.0,
        "Net Income From Continuing Operation Net Minority Interest": 136800000.0,
        "Reconciled Depreciation": 31400000.0,
        "Reconciled Cost Of Revenue": 372400000.0,
        "EBITDA": 213100000.0,
        "EBIT": 181700000.0,
        "Net Interest Income": -18900000.0,
        "Interest Expense": 18900000.0,
        "Normalized Income": 103368000.0,
        "Net Income From Continuing And Discontinued Operation": 136800000.0,
        "Total Expenses": 613700000.0,
        "Total Operating Income As Reported": 142100000.0,
        "Diluted Average Shares": 155400000.0,
        "Basic Average Shares": 154500000.0,
        "Diluted EPS": 0.88,
        "Basic EPS": 0.89,
        "Diluted NI Availto Com Stockholders": 136800000.0,
        "Net Income Common Stockholders": 136800000.0,
        "Net Income": 136800000.0,
        "Net Income Including Noncontrolling Interests": 136800000.0,
        "Net Income Continuous Operations": 136800000.0,
        "Tax Provision": 26000000.0,
        "Pretax Income": 162800000.0,
        "Other Income Expense": 39600000.0,
        "Other Non Operating Income Expenses": -200000.0,
        "Special Income Charges": 39800000.0,
        "Gain On Sale Of Business": 39800000.0,
        "Earnings From Equity Interest": NaN,
        "Gain On Sale Of Security": NaN,
        "Net Non Operating Interest Income Expense": -18900000.0,
        "Interest Expense Non Operating": 18900000.0,
        "Operating Income": 142100000.0,
        "Operating Expense": 229900000.0,
        "Depreciation Amortization Depletion Income Statement": 20000000.0,
        "Depreciation And Amortization In Income Statement": 20000000.0,
        "Amortization": 20000000.0,
        "Amortization Of Intangibles Income Statement": 20000000.0,
        "Research And Development": 44500000.0,
        "Selling General And Administration": 165400000.0,
        "Gross Profit": 372000000.0,
        "Cost Of Revenue": 383800000.0,
        "Total Revenue": 755800000.0,
        "Operating Revenue": 755800000.0
    },
    "2024-06-30": {
        "Tax Effect Of Unusual Items": -618800.0,
        "Tax Rate For Calcs": 0.238,
        "Normalized EBITDA": 144100000.0,
        "Total Unusual Items": -2600000.0,
        "Total Unusual Items Excluding Goodwill": -2600000.0,
        "Net Income From Continuing Operation Net Minority Interest": 70100000.0,
        "Reconciled Depreciation": 31100000.0,
        "Reconciled Cost Of Revenue": 349800000.0,
        "EBITDA": 141500000.0,
        "EBIT": 110400000.0,
        "Net Interest Income": -18400000.0,
        "Interest Expense": 18400000.0,
        "Normalized Income": 72081200.0,
        "Net Income From Continuing And Discontinued Operation": 70100000.0,
        "Total Expenses": 582300000.0,
        "Total Operating Income As Reported": 114100000.0,
        "Diluted Average Shares": 155500000.0,
        "Basic Average Shares": 154400000.0,
        "Diluted EPS": 0.45,
        "Basic EPS": 0.45,
        "Diluted NI Availto Com Stockholders": 70100000.0,
        "Net Income Common Stockholders": 70100000.0,
        "Net Income": 70100000.0,
        "Net Income Including Noncontrolling Interests": 70100000.0,
        "Net Income Continuous Operations": 70100000.0,
        "Tax Provision": 21900000.0,
        "Pretax Income": 92000000.0,
        "Other Income Expense": -3700000.0,
        "Other Non Operating Income Expenses": -1100000.0,
        "Special Income Charges": -2600000.0,
        "Gain On Sale Of Business": -2600000.0,
        "Earnings From Equity Interest": NaN,
        "Gain On Sale Of Security": NaN,
        "Net Non Operating Interest Income Expense": -18400000.0,
        "Interest Expense Non Operating": 18400000.0,
        "Operating Income": 114100000.0,
        "Operating Expense": 221400000.0,
        "Depreciation Amortization Depletion Income Statement": 20000000.0,
        "Depreciation And Amortization In Income Statement": 20000000.0,
        "Amortization": 20000000.0,
        "Amortization Of Intangibles Income Statement": 20000000.0,
        "Research And Development": 45100000.0,
        "Selling General And Administration": 156300000.0,
        "Gross Profit": 335500000.0,
        "Cost Of Revenue": 360900000.0,
        "Total Revenue": 696400000.0,
        "Operating Revenue": 696400000.0
    }
}