{
    "2023-03-31": {
        "Tax Effect Of Unusual Items": NaN,
        "Tax Rate For Calcs": NaN,
        "Normalized EBITDA": NaN,
        "Net Income From Continuing Operation Net Minority Interest": NaN,
        "Reconciled Depreciation": NaN,
        "EBITDA": NaN,
        "EBIT": NaN,
        "Net Interest Income": NaN,
        "Interest Income": NaN,
        "Normalized Income": NaN,
        "Net Income From Continuing And Discontinued Operation": NaN,
        "Total Expenses": NaN,
        "Total Operating Income As Reported": NaN,
        "Diluted Average Shares": 66265703.0,
        "Basic Average Shares": 66265703.0,
        "Diluted EPS": -0.43,
        "Basic EPS": -0.43,
        "Diluted NI Availto Com Stockholders": NaN,
        "Net Income Common Stockholders": NaN,
        "Net Income": NaN,
        "Net Income Including Noncontrolling Interests": NaN,
        "Net Income Continuous Operations": NaN,
        "Pretax Income": NaN,
        "Net Non Operating Interest Income Expense": NaN,
        "Interest Income Non Operating": NaN,
        "Operating Income": NaN,
        "Operating Expense": NaN,
        "Research And Development": NaN,
        "Selling General And Administration": NaN,
        "General And Administrative Expense": NaN,
        "Other Gand A": NaN,
        "Total Revenue": NaN,
        "Operating Revenue": NaN
    },
    "2022-12-31": {
        "Tax Effect Of Unusual Items": 0.0,
        "Tax Rate For Calcs": 0.0,
        "Normalized EBITDA": -24093000.0,
        "Net Income From Continuing Operation Net Minority Interest": -23910000.0,
        "Reconciled Depreciation": 632000.0,
        "EBITDA": -24093000.0,
        "EBIT": -24725000.0,
        "Net Interest Income": 815000.0,
        "Interest Income": 815000.0,
        "Normalized Income": -23910000.0,
        "Net Income From Continuing And Discontinued Operation": -23910000.0,
        "Total Expenses": 24725000.0,
        "Total Operating Income As Reported": -24725000.0,
        "Diluted Average Shares": NaN,
        "Basic Average Shares": NaN,
        "Diluted EPS": NaN,
        "Basic EPS": NaN,
        "Diluted NI Availto Com Stockholders": -23910000.0,
        "Net Income Common Stockholders": -23910000.0,
        "Net Income": -23910000.0,
        "Net Income Including Noncontrolling Interests": -23910000.0,
        "Net Income Continuous Operations": -23910000.0,
        "Pretax Income": -23910000.0,
        "Net Non Operating Interest Income Expense": 815000.0,
        "Interest Income Non Operating": 815000.0,
        "Operating Income": -24725000.0,
        "Operating Expense": 24725000.0,
        "Research And Development": 17062000.0,
        "Selling General And Administration": 7663000.0,
        "General And Administrative Expense": 7663000.0,
        "Other Gand A": 7663000.0,
        "Total Revenue": 0.0,
        "Operating Revenue": 0.0
    },
    "2022-09-30": {
        "Tax Effect Of Unusual Items": NaN,
        "Tax Rate For Calcs": NaN,
        "Normalized EBITDA": NaN,
        "Net Income From Continuing Operation Net Minority Interest": NaN,
        "Reconciled Depreciation": NaN,
        "EBITDA": NaN,
        "EBIT": NaN,
        "Net Interest Income": NaN,
        "Interest Income": NaN,
        "Normalized Income": NaN,
        "Net Income From Continuing And Discontinued Operation": NaN,
        "Total Expenses": NaN,
        "Total Operating Income As Reported": NaN,
        "Diluted Average Shares": 38009022.0,
        "Basic Average Shares": 38009022.0,
        "Diluted EPS": -0.63,
        "Basic EPS": -0.63,
        "Diluted NI Availto Com Stockholders": NaN,
        "Net Income Common Stockholders": NaN,
        "Net Income": NaN,
        "Net Income Including Noncontrolling Interests": NaN,
        "Net Income Continuous Operations": NaN,
        "Pretax Income": NaN,
        "Net Non Operating Interest Income Expense": NaN,
        "Interest Income Non Operating": NaN,
        "Operating Income": NaN,
        "Operating Expense": NaN,
        "Research And Development": NaN,
        "Selling General And Administration": NaN,
        "General And Administrative Expense": NaN,
        "Other Gand A": NaN,
        "Total Revenue": NaN,
        "Operating Revenue": NaN
    },
    "2022-06-30": {
        "Tax Effect Of Unusual Items": 0.0,
        "Tax Rate For Calcs": 0.0,
        "Normalized EBITDA": -21217000.0,
        "Net Income From Continuing Operation Net Minority Interest": -21659000.0,
        "Reconciled Depreciation": 575000.0,
        "EBITDA": -21217000.0,
        "EBIT": -21792000.0,
        "Net Interest Income": 133000.0,
        "Interest Income": 133000.0,
        "Normalized Income": -21659000.0,
        "Net Income From Continuing And Discontinued Operation": -21659000.0,
        "Total Expenses": 21792000.0,
        "Total Operating Income As Reported": -21792000.0,
        "Diluted Average Shares": 37437063.0,
        "Basic Average Shares": 37437063.0,
        "Diluted EPS": -0.58,
        "Basic EPS": -0.58,
        "Diluted NI Availto Com Stockholders": -21659000.0,
        "Net Income Common Stockholders": -21659000.0,
        "Net Income": -21659000.0,
        "Net Income Including Noncontrolling Interests": -21659000.0,
        "Net Income Continuous Operations": -21659000.0,
        "Pretax Income": -21659000.0,
        "Net Non Operating Interest Income Expense": 133000.0,
        "Interest Income Non Operating": 133000.0,
        "Operating Income": -21792000.0,
        "Operating Expense": 21792000.0,
        "Research And Development": 15333000.0,
        "Selling General And Administration": 6459000.0,
        "General And Administrative Expense": 6459000.0,
        "Other Gand A": 6459000.0,
        "Total Revenue": 0.0,
        "Operating Revenue": 0.0
    },
    "2022-03-31": {
        "Diluted EPS": -0.61,
        "Total Revenue": NaN,
        "Gross Profit": NaN,
        "Operating Income": NaN,
        "EBIT": NaN,
        "Net Income": NaN
    },
    "2021-12-31": {
        "Diluted EPS": -0.49,
        "Total Revenue": NaN,
        "Gross Profit": NaN,
        "Operating Income": NaN,
        "EBIT": NaN,
        "Net Income": NaN
    },
    "2021-09-30": {
        "Diluted EPS": -0.5,
        "Total Revenue": NaN,
        "Gross Profit": NaN,
        "Operating Income": NaN,
        "EBIT": NaN,
        "Net Income": NaN
    },
    "2021-06-30": {
        "Diluted EPS": -0.5,
        "Total Revenue": NaN,
        "Gross Profit": NaN,
        "Operating Income": NaN,
        "EBIT": NaN,
        "Net Income": NaN
    },
    "2021-03-31": {
        "Diluted EPS": -0.67,
        "Total Revenue": NaN,
        "Gross Profit": NaN,
        "Operating Income": NaN,
        "EBIT": NaN,
        "Net Income": NaN
    },
    "2023-06-30": {
        "Tax Effect Of Unusual Items": 0.0,
        "Tax Rate For Calcs": 0.0,
        "Normalized EBITDA": -31304000.0,
        "Net Income From Continuing Operation Net Minority Interest": -29979000.0,
        "Reconciled Depreciation": 870000.0,
        "EBITDA": -31304000.0,
        "EBIT": -32174000.0,
        "Net Interest Income": 2195000.0,
        "Interest Income": 2195000.0,
        "Normalized Income": -29979000.0,
        "Net Income From Continuing And Discontinued Operation": -29979000.0,
        "Total Expenses": 32174000.0,
        "Total Operating Income As Reported": -32174000.0,
        "Diluted Average Shares": 67033150.0,
        "Basic Average Shares": 67033150.0,
        "Diluted EPS": -0.45,
        "Basic EPS": -0.45,
        "Diluted NI Availto Com Stockholders": -29979000.0,
        "Net Income Common Stockholders": -29979000.0,
        "Net Income": -29979000.0,
        "Net Income Including Noncontrolling Interests": -29979000.0,
        "Net Income Continuous Operations": -29979000.0,
        "Pretax Income": -29979000.0,
        "Net Non Operating Interest Income Expense": 2195000.0,
        "Interest Income Non Operating": 2195000.0,
        "Operating Income": -32174000.0,
        "Operating Expense": 32174000.0,
        "Research And Development": 23897000.0,
        "Selling General And Administration": 8277000.0,
        "General And Administrative Expense": 8277000.0,
        "Other Gand A": 8277000.0,
        "Total Revenue": 0.0,
        "Operating Revenue": 0.0
    },
    "2023-09-30": {
        "Tax Effect Of Unusual Items": 0.0,
        "Tax Rate For Calcs": 0.0,
        "Normalized EBITDA": -34423000.0,
        "Net Income From Continuing Operation Net Minority Interest": -33190000.0,
        "Reconciled Depreciation": 893000.0,
        "EBITDA": -34423000.0,
        "EBIT": -35316000.0,
        "Net Interest Income": 2126000.0,
        "Interest Income": 2126000.0,
        "Normalized Income": -33190000.0,
        "Net Income From Continuing And Discontinued Operation": -33190000.0,
        "Total Expenses": 35316000.0,
        "Total Operating Income As Reported": -35316000.0,
        "Diluted Average Shares": 67607713.0,
        "Basic Average Shares": 67607713.0,
        "Diluted EPS": -0.49,
        "Basic EPS": -0.49,
        "Diluted NI Availto Com Stockholders": -33190000.0,
        "Net Income Common Stockholders": -33190000.0,
        "Net Income": -33190000.0,
        "Net Income Including Noncontrolling Interests": -33190000.0,
        "Net Income Continuous Operations": -33190000.0,
        "Pretax Income": -33190000.0,
        "Net Non Operating Interest Income Expense": 2126000.0,
        "Interest Income Non Operating": 2126000.0,
        "Operating Income": -35316000.0,
        "Operating Expense": 35316000.0,
        "Research And Development": 27606000.0,
        "Selling General And Administration": 7710000.0,
        "General And Administrative Expense": 7710000.0,
        "Other Gand A": 7710000.0,
        "Total Revenue": 0.0,
        "Operating Revenue": 0.0
    },
    "2023-12-31": {
        "Tax Effect Of Unusual Items": 0.0,
        "Tax Rate For Calcs": 0.0,
        "Normalized EBITDA": -27232000.0,
        "Net Income From Continuing Operation Net Minority Interest": -26261000.0,
        "Reconciled Depreciation": 892000.0,
        "EBITDA": -27232000.0,
        "EBIT": -28124000.0,
        "Net Interest Income": 1863000.0,
        "Interest Income": 1863000.0,
        "Normalized Income": -26261000.0,
        "Net Income From Continuing And Discontinued Operation": -26261000.0,
        "Total Expenses": 28124000.0,
        "Total Operating Income As Reported": -28124000.0,
        "Diluted Average Shares": NaN,
        "Basic Average Shares": NaN,
        "Diluted EPS": NaN,
        "Basic EPS": NaN,
        "Diluted NI Availto Com Stockholders": -26261000.0,
        "Net Income Common Stockholders": -26261000.0,
        "Net Income": -26261000.0,
        "Net Income Including Noncontrolling Interests": -26261000.0,
        "Net Income Continuous Operations": -26261000.0,
        "Pretax Income": -26261000.0,
        "Net Non Operating Interest Income Expense": 1863000.0,
        "Interest Income Non Operating": 1863000.0,
        "Operating Income": -28124000.0,
        "Operating Expense": 28124000.0,
        "Research And Development": 20897000.0,
        "Selling General And Administration": 7227000.0,
        "General And Administrative Expense": 7227000.0,
        "Other Gand A": 7227000.0,
        "Total Revenue": 0.0,
        "Operating Revenue": 0.0
    },
    "2024-03-31": {
        "Tax Effect Of Unusual Items": 0.0,
        "Tax Rate For Calcs": 0.0,
        "Normalized EBITDA": -31383000.0,
        "Net Income From Continuing Operation Net Minority Interest": -30804000.0,
        "Reconciled Depreciation": 943000.0,
        "EBITDA": -31383000.0,
        "EBIT": -32326000.0,
        "Net Interest Income": 1522000.0,
        "Interest Income": 1522000.0,
        "Normalized Income": -30804000.0,
        "Net Income From Continuing And Discontinued Operation": -30804000.0,
        "Total Expenses": 32326000.0,
        "Total Operating Income As Reported": -32326000.0,
        "Diluted Average Shares": 68030966.0,
        "Basic Average Shares": 68030966.0,
        "Diluted EPS": -0.45,
        "Basic EPS": -0.45,
        "Diluted NI Availto Com Stockholders": -30804000.0,
        "Net Income Common Stockholders": -30804000.0,
        "Net Income": -30804000.0,
        "Net Income Including Noncontrolling Interests": -30804000.0,
        "Net Income Continuous Operations": -30804000.0,
        "Pretax Income": -30804000.0,
        "Net Non Operating Interest Income Expense": 1522000.0,
        "Interest Income Non Operating": 1522000.0,
        "Operating Income": -32326000.0,
        "Operating Expense": 32326000.0,
        "Research And Development": 24322000.0,
        "Selling General And Administration": 8004000.0,
        "General And Administrative Expense": 8004000.0,
        "Other Gand A": 8004000.0,
        "Total Revenue": 0.0,
        "Operating Revenue": 0.0
    },
    "2024-06-30": {
        "Tax Effect Of Unusual Items": 0.0,
        "Tax Rate For Calcs": 0.0,
        "Normalized EBITDA": -28166000.0,
        "Net Income From Continuing Operation Net Minority Interest": -27839000.0,
        "Reconciled Depreciation": 869000.0,
        "EBITDA": -28166000.0,
        "EBIT": -29035000.0,
        "Net Interest Income": 1196000.0,
        "Interest Income": 1196000.0,
        "Normalized Income": -27839000.0,
        "Net Income From Continuing And Discontinued Operation": -27839000.0,
        "Total Expenses": 29035000.0,
        "Total Operating Income As Reported": -29035000.0,
        "Diluted Average Shares": 68299170.0,
        "Basic Average Shares": 68299170.0,
        "Diluted EPS": -0.41,
        "Basic EPS": -0.41,
        "Diluted NI Availto Com Stockholders": -27839000.0,
        "Net Income Common Stockholders": -27839000.0,
        "Net Income": -27839000.0,
        "Net Income Including Noncontrolling Interests": -27839000.0,
        "Net Income Continuous Operations": -27839000.0,
        "Pretax Income": -27839000.0,
        "Net Non Operating Interest Income Expense": 1196000.0,
        "Interest Income Non Operating": 1196000.0,
        "Operating Income": -29035000.0,
        "Operating Expense": 29035000.0,
        "Research And Development": 21823000.0,
        "Selling General And Administration": 7212000.0,
        "General And Administrative Expense": 7212000.0,
        "Other Gand A": 7212000.0,
        "Total Revenue": 0.0,
        "Operating Revenue": 0.0
    }
}