{
    "2023-05-31": {
        "Tax Effect Of Unusual Items": -205232.0,
        "Tax Rate For Calcs": 0.101,
        "Normalized EBITDA": -6201000.0,
        "Total Unusual Items": -2032000.0,
        "Total Unusual Items Excluding Goodwill": -2032000.0,
        "Net Income From Continuing Operation Net Minority Interest": -10738000.0,
        "Reconciled Depreciation": 3247000.0,
        "Reconciled Cost Of Revenue": 84346000.0,
        "EBITDA": -8233000.0,
        "EBIT": -11480000.0,
        "Net Interest Income": -1529000.0,
        "Interest Expense": 1546000.0,
        "Interest Income": 17000.0,
        "Normalized Income": -8911232.0,
        "Net Income From Continuing And Discontinued Operation": -10738000.0,
        "Total Expenses": 123276000.0,
        "Total Operating Income As Reported": -11409000.0,
        "Diluted Average Shares": 23795718.0,
        "Basic Average Shares": 23795718.0,
        "Diluted EPS": -0.45,
        "Basic EPS": -0.45,
        "Diluted NI Availto Com Stockholders": -10738000.0,
        "Net Income Common Stockholders": -10738000.0,
        "Net Income": -10738000.0,
        "Minority Interests": 967000.0,
        "Net Income Including Noncontrolling Interests": -11705000.0,
        "Net Income Continuous Operations": -11705000.0,
        "Tax Provision": -1321000.0,
        "Pretax Income": -13026000.0,
        "Other Income Expense": -147000.0,
        "Other Non Operating Income Expenses": 269000.0,
        "Special Income Charges": -1045000.0,
        "Other Special Charges": 986000.0,
        "Restructuring And Mergern Acquisition": 59000.0,
        "Earnings From Equity Interest": 1616000.0,
        "Gain On Sale Of Security": -987000.0,
        "Net Non Operating Interest Income Expense": -1529000.0,
        "Interest Expense Non Operating": 1546000.0,
        "Interest Income Non Operating": 17000.0,
        "Operating Income": -11350000.0,
        "Operating Expense": 38930000.0,
        "Research And Development": 8337000.0,
        "Selling General And Administration": 30593000.0,
        "Selling And Marketing Expense": 11166000.0,
        "General And Administrative Expense": 19427000.0,
        "Other Gand A": 19427000.0,
        "Gross Profit": 27580000.0,
        "Cost Of Revenue": 84346000.0,
        "Total Revenue": 111926000.0,
        "Operating Revenue": 111926000.0
    },
    "2023-02-28": {
        "Tax Effect Of Unusual Items": NaN,
        "Tax Rate For Calcs": NaN,
        "Normalized EBITDA": NaN,
        "Total Unusual Items": NaN,
        "Total Unusual Items Excluding Goodwill": NaN,
        "Net Income From Continuing Operation Net Minority Interest": NaN,
        "Reconciled Depreciation": NaN,
        "Reconciled Cost Of Revenue": NaN,
        "EBITDA": NaN,
        "EBIT": NaN,
        "Net Interest Income": NaN,
        "Interest Expense": NaN,
        "Interest Income": NaN,
        "Normalized Income": NaN,
        "Net Income From Continuing And Discontinued Operation": NaN,
        "Total Expenses": NaN,
        "Total Operating Income As Reported": NaN,
        "Diluted Average Shares": NaN,
        "Basic Average Shares": NaN,
        "Diluted EPS": NaN,
        "Basic EPS": NaN,
        "Diluted NI Availto Com Stockholders": NaN,
        "Net Income Common Stockholders": NaN,
        "Net Income": NaN,
        "Minority Interests": NaN,
        "Net Income Including Noncontrolling Interests": NaN,
        "Net Income Continuous Operations": NaN,
        "Tax Provision": NaN,
        "Pretax Income": NaN,
        "Other Income Expense": NaN,
        "Other Non Operating Income Expenses": NaN,
        "Special Income Charges": NaN,
        "Other Special Charges": 986000.0,
        "Restructuring And Mergern Acquisition": NaN,
        "Earnings From Equity Interest": NaN,
        "Gain On Sale Of Security": NaN,
        "Net Non Operating Interest Income Expense": NaN,
        "Interest Expense Non Operating": NaN,
        "Interest Income Non Operating": NaN,
        "Operating Income": NaN,
        "Operating Expense": NaN,
        "Research And Development": NaN,
        "Selling General And Administration": NaN,
        "Selling And Marketing Expense": NaN,
        "General And Administrative Expense": NaN,
        "Other Gand A": NaN,
        "Gross Profit": NaN,
        "Cost Of Revenue": NaN,
        "Total Revenue": NaN,
        "Operating Revenue": NaN
    },
    "2022-11-30": {
        "Tax Effect Of Unusual Items": NaN,
        "Tax Rate For Calcs": NaN,
        "Normalized EBITDA": NaN,
        "Total Unusual Items": NaN,
        "Total Unusual Items Excluding Goodwill": NaN,
        "Net Income From Continuing Operation Net Minority Interest": NaN,
        "Reconciled Depreciation": NaN,
        "Reconciled Cost Of Revenue": NaN,
        "EBITDA": NaN,
        "EBIT": NaN,
        "Net Interest Income": NaN,
        "Interest Expense": NaN,
        "Interest Income": NaN,
        "Normalized Income": NaN,
        "Net Income From Continuing And Discontinued Operation": NaN,
        "Total Expenses": NaN,
        "Total Operating Income As Reported": NaN,
        "Diluted Average Shares": 24621359.0,
        "Basic Average Shares": 24389375.0,
        "Diluted EPS": 0.3,
        "Basic EPS": 0.3,
        "Diluted NI Availto Com Stockholders": NaN,
        "Net Income Common Stockholders": NaN,
        "Net Income": NaN,
        "Minority Interests": NaN,
        "Net Income Including Noncontrolling Interests": NaN,
        "Net Income Continuous Operations": NaN,
        "Tax Provision": NaN,
        "Pretax Income": NaN,
        "Other Income Expense": NaN,
        "Other Non Operating Income Expenses": NaN,
        "Special Income Charges": NaN,
        "Other Special Charges": NaN,
        "Restructuring And Mergern Acquisition": NaN,
        "Earnings From Equity Interest": NaN,
        "Gain On Sale Of Security": NaN,
        "Net Non Operating Interest Income Expense": NaN,
        "Interest Expense Non Operating": NaN,
        "Interest Income Non Operating": NaN,
        "Operating Income": NaN,
        "Operating Expense": NaN,
        "Research And Development": NaN,
        "Selling General And Administration": NaN,
        "Selling And Marketing Expense": NaN,
        "General And Administrative Expense": NaN,
        "Other Gand A": NaN,
        "Gross Profit": NaN,
        "Cost Of Revenue": NaN,
        "Total Revenue": NaN,
        "Operating Revenue": NaN
    },
    "2022-08-31": {
        "Tax Effect Of Unusual Items": NaN,
        "Tax Rate For Calcs": NaN,
        "Normalized EBITDA": NaN,
        "Total Unusual Items": NaN,
        "Total Unusual Items Excluding Goodwill": NaN,
        "Net Income From Continuing Operation Net Minority Interest": NaN,
        "Reconciled Depreciation": NaN,
        "Reconciled Cost Of Revenue": NaN,
        "EBITDA": NaN,
        "EBIT": NaN,
        "Net Interest Income": NaN,
        "Interest Expense": NaN,
        "Interest Income": NaN,
        "Normalized Income": NaN,
        "Net Income From Continuing And Discontinued Operation": NaN,
        "Total Expenses": NaN,
        "Total Operating Income As Reported": NaN,
        "Diluted Average Shares": 24423577.0,
        "Basic Average Shares": 24423577.0,
        "Diluted EPS": -0.42,
        "Basic EPS": -0.42,
        "Diluted NI Availto Com Stockholders": NaN,
        "Net Income Common Stockholders": NaN,
        "Net Income": NaN,
        "Minority Interests": NaN,
        "Net Income Including Noncontrolling Interests": NaN,
        "Net Income Continuous Operations": NaN,
        "Tax Provision": NaN,
        "Pretax Income": NaN,
        "Other Income Expense": NaN,
        "Other Non Operating Income Expenses": NaN,
        "Special Income Charges": NaN,
        "Other Special Charges": NaN,
        "Restructuring And Mergern Acquisition": NaN,
        "Earnings From Equity Interest": NaN,
        "Gain On Sale Of Security": NaN,
        "Net Non Operating Interest Income Expense": NaN,
        "Interest Expense Non Operating": NaN,
        "Interest Income Non Operating": NaN,
        "Operating Income": NaN,
        "Operating Expense": NaN,
        "Research And Development": NaN,
        "Selling General And Administration": NaN,
        "Selling And Marketing Expense": NaN,
        "General And Administrative Expense": NaN,
        "Other Gand A": NaN,
        "Gross Profit": NaN,
        "Cost Of Revenue": NaN,
        "Total Revenue": NaN,
        "Operating Revenue": NaN
    },
    "2022-05-31": {
        "Tax Effect Of Unusual Items": -425536.0,
        "Tax Rate For Calcs": 0.122,
        "Normalized EBITDA": -1604000.0,
        "Total Unusual Items": -3488000.0,
        "Total Unusual Items Excluding Goodwill": -3488000.0,
        "Net Income From Continuing Operation Net Minority Interest": -6527000.0,
        "Reconciled Depreciation": 3117000.0,
        "Reconciled Cost Of Revenue": 95493000.0,
        "EBIT": -8209000.0,
        "Net Interest Income": -725000.0,
        "Interest Expense": 730000.0,
        "Interest Income": 5000.0,
        "Normalized Income": -3464536.0,
        "Net Income From Continuing And Discontinued Operation": -6527000.0,
        "Total Expenses": 135297000.0,
        "Total Operating Income As Reported": -6701000.0,
        "Diluted Average Shares": 24412462.0,
        "Basic Average Shares": 24412462.0,
        "Diluted EPS": -0.27,
        "Basic EPS": -0.27,
        "Diluted NI Availto Com Stockholders": -6527000.0,
        "Net Income Common Stockholders": -6527000.0,
        "Net Income": -6527000.0,
        "Minority Interests": 1320000.0,
        "Net Income Including Noncontrolling Interests": -7847000.0,
        "Net Income Continuous Operations": -7847000.0,
        "Tax Provision": -1092000.0,
        "Pretax Income": -8939000.0,
        "Other Income Expense": -1649000.0,
        "Other Non Operating Income Expenses": 251000.0,
        "Special Income Charges": -1122000.0,
        "Other Special Charges": 986000.0,
        "Restructuring And Mergern Acquisition": 136000.0,
        "Earnings From Equity Interest": 1588000.0,
        "Gain On Sale Of Security": -2366000.0,
        "Net Non Operating Interest Income Expense": -725000.0,
        "Interest Expense Non Operating": 730000.0,
        "Interest Income Non Operating": 5000.0,
        "Operating Income": -6565000.0,
        "Operating Expense": 39804000.0,
        "Research And Development": 8389000.0,
        "Selling General And Administration": 31415000.0,
        "Selling And Marketing Expense": 12285000.0,
        "General And Administrative Expense": 19130000.0,
        "Other Gand A": 19130000.0,
        "Gross Profit": 33239000.0,
        "Cost Of Revenue": 95493000.0,
        "Total Revenue": 128732000.0,
        "Operating Revenue": 128732000.0
    },
    "2022-02-28": {
        "Diluted EPS": 0.12,
        "Total Revenue": 164,
        "Gross Profit": 44,
        "Operating Income": 3,
        "EBIT": 7,
        "Net Income": 3
    },
    "2021-11-30": {
        "Diluted EPS": -1.16,
        "Total Revenue": 192,
        "Gross Profit": 52,
        "Operating Income": 8,
        "EBIT": 11,
        "Net Income": -28
    },
    "2021-08-31": {
        "Diluted EPS": 0.01,
        "Total Revenue": 143,
        "Gross Profit": 37,
        "Operating Income": -3,
        "EBIT": 0,
        "Net Income": 0
    },
    "2021-05-31": {
        "Diluted EPS": 0.11,
        "Total Revenue": 137,
        "Gross Profit": 37,
        "Operating Income": 0,
        "EBIT": 3,
        "Net Income": 3
    },
    "2021-02-28": {
        "Diluted EPS": 0.39,
        "Total Revenue": 163,
        "Gross Profit": 42,
        "Operating Income": 4,
        "EBIT": 7,
        "Net Income": 9
    },
    "2020-11-30": {
        "Diluted EPS": 0.74,
        "Total Revenue": 201,
        "Gross Profit": 58,
        "Operating Income": 18,
        "EBIT": 21,
        "Net Income": 18
    },
    "2020-08-31": {
        "Diluted EPS": 0.3,
        "Total Revenue": 128,
        "Gross Profit": 38,
        "Operating Income": 9,
        "EBIT": 11,
        "Net Income": 7
    },
    "2020-05-31": {
        "Diluted EPS": -0.34,
        "Total Revenue": 72,
        "Gross Profit": 20,
        "Operating Income": -8,
        "EBIT": -5,
        "Net Income": -8
    },
    "2020-02-29": {
        "Diluted EPS": -0.89,
        "Total Revenue": 101,
        "Gross Profit": 29,
        "Operating Income": -36,
        "EBIT": -2,
        "Net Income": -22
    },
    "2019-11-30": {
        "Diluted EPS": 0.1,
        "Total Revenue": 110,
        "Gross Profit": 31,
        "Operating Income": 0,
        "EBIT": 3,
        "Net Income": 2
    },
    "2019-08-31": {
        "Diluted EPS": -0.24,
        "Total Revenue": 90,
        "Gross Profit": 24,
        "Operating Income": -8,
        "EBIT": -4,
        "Net Income": -6
    },
    "2019-05-31": {
        "Diluted EPS": -0.05,
        "Total Revenue": 93,
        "Gross Profit": 26,
        "Operating Income": -7,
        "EBIT": -4,
        "Net Income": -1
    },
    "2019-02-28": {
        "Diluted EPS": -1.5,
        "Total Revenue": 107,
        "Gross Profit": 24,
        "Operating Income": -31,
        "EBIT": -12,
        "Net Income": -37
    },
    "2018-11-30": {
        "Diluted EPS": 0.5,
        "Total Revenue": 130,
        "Gross Profit": 39,
        "Operating Income": 6,
        "EBIT": 9,
        "Net Income": 12
    },
    "2018-08-31": {
        "Diluted EPS": -0.85,
        "Total Revenue": 109,
        "Gross Profit": 31,
        "Operating Income": -11,
        "EBIT": 2,
        "Net Income": -21
    },
    "2018-05-31": {
        "Diluted EPS": -0.04,
        "Total Revenue": 101,
        "Gross Profit": 28,
        "Operating Income": -5,
        "EBIT": -2,
        "Net Income": -1
    },
    "2018-02-28": {
        "Diluted EPS": 0.51,
        "Total Revenue": 122,
        "Gross Profit": 32,
        "Operating Income": -5,
        "EBIT": -2,
        "Net Income": 13
    },
    "2017-11-30": {
        "Diluted EPS": 0.35,
        "Total Revenue": 157,
        "Gross Profit": 42,
        "Operating Income": 6,
        "EBIT": 9,
        "Net Income": 9
    },
    "2017-08-31": {
        "Diluted EPS": 0.71,
        "Total Revenue": 113,
        "Gross Profit": 28,
        "Operating Income": -10,
        "EBIT": -5,
        "Net Income": 17
    },
    "2017-05-31": {
        "Diluted EPS": -0.13,
        "Total Revenue": 115,
        "Gross Profit": 30,
        "Operating Income": -9,
        "EBIT": -4,
        "Net Income": -3
    },
    "2017-02-28": {
        "Diluted EPS": 0.0,
        "Total Revenue": 83,
        "Gross Profit": 22,
        "Operating Income": -4,
        "EBIT": 1,
        "Net Income": 0
    },
    "2016-11-30": {
        "Diluted EPS": 0.24,
        "Total Revenue": 157,
        "Gross Profit": 44,
        "Operating Income": 5,
        "EBIT": 10,
        "Net Income": 6
    },
    "2016-08-31": {
        "Diluted EPS": 0.12,
        "Total Revenue": 118,
        "Gross Profit": 32,
        "Operating Income": -2,
        "EBIT": 3,
        "Net Income": 3
    },
    "2016-05-31": {
        "Diluted EPS": -0.18,
        "Total Revenue": 155,
        "Gross Profit": 46,
        "Operating Income": -7,
        "EBIT": -2,
        "Net Income": -4
    },
    "2016-02-29": {
        "Diluted EPS": -0.22,
        "Total Revenue": 19,
        "Gross Profit": -5,
        "Operating Income": -13,
        "EBIT": -7,
        "Net Income": -5
    },
    "2015-11-30": {
        "Diluted EPS": 0.32,
        "Total Revenue": 193,
        "Gross Profit": 56,
        "Operating Income": 4,
        "EBIT": 8,
        "Net Income": 8
    },
    "2015-08-31": {
        "Diluted EPS": -0.18,
        "Total Revenue": 154,
        "Gross Profit": 45,
        "Operating Income": -7,
        "EBIT": -3,
        "Net Income": -4
    },
    "2015-05-31": {
        "Diluted EPS": -0.03,
        "Total Revenue": 164,
        "Gross Profit": 48,
        "Operating Income": -1,
        "EBIT": 3,
        "Net Income": -1
    },
    "2015-02-28": {
        "Diluted EPS": -0.59,
        "Total Revenue": 170,
        "Gross Profit": 49,
        "Operating Income": -1,
        "EBIT": 3,
        "Net Income": -14
    },
    "2014-11-30": {
        "Diluted EPS": 0.64,
        "Total Revenue": 223,
        "Gross Profit": 69,
        "Operating Income": 17,
        "EBIT": 21,
        "Net Income": 16
    },
    "2014-08-31": {
        "Diluted EPS": -0.11,
        "Total Revenue": 177,
        "Gross Profit": 52,
        "Operating Income": 1,
        "EBIT": 5,
        "Net Income": -3
    },
    "2014-05-31": {
        "Diluted EPS": 0.02,
        "Total Revenue": 187,
        "Gross Profit": 53,
        "Operating Income": 0,
        "EBIT": 4,
        "Net Income": 0
    },
    "2014-02-28": {
        "Diluted EPS": -2.02,
        "Total Revenue": 187,
        "Gross Profit": 53,
        "Operating Income": -60,
        "EBIT": -55,
        "Net Income": -49
    },
    "2013-11-30": {
        "Diluted EPS": 0.63,
        "Total Revenue": 246,
        "Gross Profit": 69,
        "Operating Income": 17,
        "EBIT": 21,
        "Net Income": 15
    },
    "2013-08-31": {
        "Diluted EPS": 0.2,
        "Total Revenue": 184,
        "Gross Profit": 54,
        "Operating Income": 2,
        "EBIT": 7,
        "Net Income": 5
    },
    "2013-05-31": {
        "Diluted EPS": 0.09,
        "Total Revenue": 193,
        "Gross Profit": 55,
        "Operating Income": 3,
        "EBIT": 8,
        "Net Income": 2
    },
    "2013-02-28": {
        "Diluted EPS": 0.43,
        "Total Revenue": 207,
        "Gross Profit": 62,
        "Operating Income": 12,
        "EBIT": 17,
        "Net Income": 10
    },
    "2012-11-30": {
        "Diluted EPS": 0.56,
        "Total Revenue": 243,
        "Gross Profit": 70,
        "Operating Income": 20,
        "EBIT": 24,
        "Net Income": 13
    },
    "2012-08-31": {
        "Diluted EPS": 0.16,
        "Total Revenue": 192,
        "Gross Profit": 55,
        "Operating Income": 7,
        "EBIT": 13,
        "Net Income": 4
    },
    "2012-05-31": {
        "Diluted EPS": -0.2,
        "Total Revenue": 194,
        "Gross Profit": 50,
        "Operating Income": 3,
        "EBIT": 6,
        "Net Income": -5
    },
    "2012-02-29": {
        "Diluted EPS": 0.46,
        "Total Revenue": 177,
        "Gross Profit": 56,
        "Operating Income": 14,
        "EBIT": 16,
        "Net Income": 11
    },
    "2011-11-30": {
        "Diluted EPS": 0.38,
        "Total Revenue": 207,
        "Gross Profit": 60,
        "Operating Income": 18,
        "EBIT": 21,
        "Net Income": 9
    },
    "2011-08-31": {
        "Diluted EPS": 0.15,
        "Total Revenue": 158,
        "Gross Profit": 44,
        "Operating Income": 8,
        "EBIT": 11,
        "Net Income": 3
    },
    "2011-05-31": {
        "Diluted EPS": 0.11,
        "Total Revenue": 165,
        "Gross Profit": 44,
        "Operating Income": 4,
        "EBIT": 7,
        "Net Income": 2
    },
    "2011-02-28": {
        "Diluted EPS": 0.75,
        "Total Revenue": 139,
        "Gross Profit": 35,
        "Operating Income": 5,
        "EBIT": 7,
        "Net Income": 17
    },
    "2010-11-30": {
        "Diluted EPS": 0.17,
        "Total Revenue": 163,
        "Gross Profit": 35,
        "Operating Income": 5,
        "EBIT": 7,
        "Net Income": 4
    },
    "2010-08-31": {
        "Diluted EPS": 0.03,
        "Total Revenue": 129,
        "Gross Profit": 27,
        "Operating Income": 0,
        "EBIT": 2,
        "Net Income": 1
    },
    "2010-05-31": {
        "Diluted EPS": 0.05,
        "Total Revenue": 130,
        "Gross Profit": 27,
        "Operating Income": -1,
        "EBIT": 1,
        "Net Income": 1
    },
    "2010-02-28": {
        "Diluted EPS": 0.29,
        "Total Revenue": 150,
        "Gross Profit": 30,
        "Operating Income": 0,
        "EBIT": 2,
        "Net Income": 7
    },
    "2009-11-30": {
        "Diluted EPS": 0.55,
        "Total Revenue": 156,
        "Gross Profit": 30,
        "Operating Income": 3,
        "EBIT": 5,
        "Net Income": 13
    },
    "2009-08-31": {
        "Diluted EPS": 0.12,
        "Total Revenue": 125,
        "Gross Profit": 24,
        "Operating Income": 1,
        "EBIT": 3,
        "Net Income": 3
    },
    "2009-05-31": {
        "Diluted EPS": 0.02,
        "Total Revenue": 120,
        "Gross Profit": 23,
        "Operating Income": 0,
        "EBIT": 2,
        "Net Income": 0
    },
    "2009-02-28": {
        "Diluted EPS": -3.07,
        "Total Revenue": 116,
        "Gross Profit": 14,
        "Operating Income": -53,
        "EBIT": -12,
        "Net Income": -70
    },
    "2023-08-31": {
        "Tax Effect Of Unusual Items": -502743.0,
        "Tax Rate For Calcs": 0.103,
        "Normalized EBITDA": -1708000.0,
        "Total Unusual Items": -4881000.0,
        "Total Unusual Items Excluding Goodwill": -4881000.0,
        "Net Income From Continuing Operation Net Minority Interest": -11064000.0,
        "Reconciled Depreciation": 3245000.0,
        "Reconciled Cost Of Revenue": 85017000.0,
        "EBITDA": -6589000.0,
        "EBIT": -9834000.0,
        "Net Interest Income": -1557000.0,
        "Interest Expense": 1573000.0,
        "Interest Income": 16000.0,
        "Normalized Income": -6685743.0,
        "Net Income From Continuing And Discontinued Operation": -11064000.0,
        "Total Expenses": 120145000.0,
        "Total Operating Income As Reported": -8511000.0,
        "Diluted Average Shares": 23462575.0,
        "Basic Average Shares": 23462575.0,
        "Diluted EPS": -0.47,
        "Basic EPS": -0.47,
        "Diluted NI Availto Com Stockholders": -11064000.0,
        "Net Income Common Stockholders": -11064000.0,
        "Net Income": -11064000.0,
        "Minority Interests": 1513000.0,
        "Net Income Including Noncontrolling Interests": -12577000.0,
        "Net Income Continuous Operations": -12577000.0,
        "Tax Provision": 1170000.0,
        "Pretax Income": -11407000.0,
        "Other Income Expense": -3347000.0,
        "Other Non Operating Income Expenses": 293000.0,
        "Special Income Charges": -3620000.0,
        "Other Special Charges": 1612000.0,
        "Restructuring And Mergern Acquisition": 2008000.0,
        "Earnings From Equity Interest": 1241000.0,
        "Gain On Sale Of Security": -1261000.0,
        "Net Non Operating Interest Income Expense": -1557000.0,
        "Interest Expense Non Operating": 1573000.0,
        "Interest Income Non Operating": 16000.0,
        "Operating Income": -6503000.0,
        "Operating Expense": 35128000.0,
        "Research And Development": 7857000.0,
        "Selling General And Administration": 27271000.0,
        "Selling And Marketing Expense": 10021000.0,
        "General And Administrative Expense": 17250000.0,
        "Other Gand A": 17250000.0,
        "Gross Profit": 28625000.0,
        "Cost Of Revenue": 85017000.0,
        "Total Revenue": 113642000.0,
        "Operating Revenue": 113642000.0
    },
    "2023-11-30": {
        "Tax Effect Of Unusual Items": -112640.0,
        "Tax Rate For Calcs": 0.11,
        "Normalized EBITDA": 6749000.0,
        "Total Unusual Items": -1024000.0,
        "Total Unusual Items Excluding Goodwill": -1024000.0,
        "Net Income From Continuing Operation Net Minority Interest": 1912000.0,
        "Reconciled Depreciation": 2953000.0,
        "Reconciled Cost Of Revenue": 98918000.0,
        "EBITDA": 5725000.0,
        "EBIT": 2772000.0,
        "Net Interest Income": -1836000.0,
        "Interest Expense": 1892000.0,
        "Interest Income": 56000.0,
        "Normalized Income": 2823360.0,
        "Net Income From Continuing And Discontinued Operation": 1912000.0,
        "Total Expenses": 132892000.0,
        "Total Operating Income As Reported": 2267000.0,
        "Diluted Average Shares": 23467022.0,
        "Basic Average Shares": 23270834.0,
        "Diluted EPS": 0.08,
        "Basic EPS": 0.08,
        "Diluted NI Availto Com Stockholders": 1912000.0,
        "Net Income Common Stockholders": 1912000.0,
        "Net Income": 1912000.0,
        "Minority Interests": 1129000.0,
        "Net Income Including Noncontrolling Interests": 783000.0,
        "Net Income Continuous Operations": 783000.0,
        "Tax Provision": 97000.0,
        "Pretax Income": 880000.0,
        "Other Income Expense": 348000.0,
        "Other Non Operating Income Expenses": 271000.0,
        "Special Income Charges": -853000.0,
        "Other Special Charges": 752000.0,
        "Restructuring And Mergern Acquisition": 101000.0,
        "Earnings From Equity Interest": 1101000.0,
        "Gain On Sale Of Security": -171000.0,
        "Net Non Operating Interest Income Expense": -1836000.0,
        "Interest Expense Non Operating": 1892000.0,
        "Interest Income Non Operating": 56000.0,
        "Operating Income": 2368000.0,
        "Operating Expense": 33974000.0,
        "Research And Development": 7063000.0,
        "Selling General And Administration": 26911000.0,
        "Selling And Marketing Expense": 10967000.0,
        "General And Administrative Expense": 15944000.0,
        "Other Gand A": 15944000.0,
        "Gross Profit": 36342000.0,
        "Cost Of Revenue": 98918000.0,
        "Total Revenue": 135260000.0,
        "Operating Revenue": 135260000.0
    },
    "2024-02-29": {
        "Tax Effect Of Unusual Items": -790662.441236,
        "Tax Rate For Calcs": 0.072658,
        "Normalized EBITDA": -8019000.0,
        "Total Unusual Items": -10882000.0,
        "Total Unusual Items Excluding Goodwill": -10882000.0,
        "Net Income From Continuing Operation Net Minority Interest": -20960000.0,
        "Reconciled Depreciation": 2999000.0,
        "Reconciled Cost Of Revenue": 86611000.0,
        "EBITDA": -18901000.0,
        "EBIT": -21900000.0,
        "Net Interest Income": -1855000.0,
        "Interest Expense": 1924000.0,
        "Interest Income": 69000.0,
        "Normalized Income": -10868662.441236,
        "Net Income From Continuing And Discontinued Operation": -20960000.0,
        "Total Expenses": 120289000.0,
        "Total Operating Income As Reported": -26388000.0,
        "Diluted Average Shares": NaN,
        "Basic Average Shares": NaN,
        "Diluted EPS": NaN,
        "Basic EPS": NaN,
        "Diluted NI Availto Com Stockholders": -20960000.0,
        "Net Income Common Stockholders": -20960000.0,
        "Net Income": -20960000.0,
        "Minority Interests": 1133000.0,
        "Net Income Including Noncontrolling Interests": -22093000.0,
        "Net Income Continuous Operations": -22093000.0,
        "Tax Provision": -1731000.0,
        "Pretax Income": -23824000.0,
        "Other Income Expense": -9763000.0,
        "Other Non Operating Income Expenses": 161000.0,
        "Special Income Charges": -10069000.0,
        "Other Special Charges": -4113000.0,
        "Restructuring And Mergern Acquisition": -32000.0,
        "Earnings From Equity Interest": 958000.0,
        "Gain On Sale Of Security": -813000.0,
        "Net Non Operating Interest Income Expense": -1855000.0,
        "Interest Expense Non Operating": 1924000.0,
        "Interest Income Non Operating": 69000.0,
        "Operating Income": -12206000.0,
        "Operating Expense": 33678000.0,
        "Research And Development": 6135000.0,
        "Selling General And Administration": 27543000.0,
        "Selling And Marketing Expense": 10936000.0,
        "General And Administrative Expense": 16607000.0,
        "Other Gand A": 16607000.0,
        "Gross Profit": 21472000.0,
        "Cost Of Revenue": 86611000.0,
        "Total Revenue": 108083000.0,
        "Operating Revenue": 108083000.0
    },
    "2024-05-31": {
        "Tax Effect Of Unusual Items": -114510.0,
        "Tax Rate For Calcs": 0.055,
        "Normalized EBITDA": -3687000.0,
        "Total Unusual Items": -2082000.0,
        "Total Unusual Items Excluding Goodwill": -2082000.0,
        "Net Income From Continuing Operation Net Minority Interest": -9269000.0,
        "Reconciled Depreciation": 2864000.0,
        "Reconciled Cost Of Revenue": 66252000.0,
        "EBITDA": -5769000.0,
        "EBIT": -8633000.0,
        "Net Interest Income": -2042000.0,
        "Interest Expense": 2138000.0,
        "Interest Income": 96000.0,
        "Normalized Income": -7301510.0,
        "Net Income From Continuing And Discontinued Operation": -9269000.0,
        "Total Expenses": 98543000.0,
        "Total Operating Income As Reported": -7113000.0,
        "Diluted Average Shares": 23139876.0,
        "Basic Average Shares": 23139876.0,
        "Diluted EPS": -0.4,
        "Basic EPS": -0.4,
        "Diluted NI Availto Com Stockholders": -9269000.0,
        "Net Income Common Stockholders": -9269000.0,
        "Net Income": -9269000.0,
        "Minority Interests": 908000.0,
        "Net Income Including Noncontrolling Interests": -10177000.0,
        "Net Income Continuous Operations": -10177000.0,
        "Tax Provision": -594000.0,
        "Pretax Income": -10771000.0,
        "Other Income Expense": -1847000.0,
        "Other Non Operating Income Expenses": 297000.0,
        "Special Income Charges": -231000.0,
        "Other Special Charges": NaN,
        "Restructuring And Mergern Acquisition": 231000.0,
        "Earnings From Equity Interest": -62000.0,
        "Gain On Sale Of Security": -1851000.0,
        "Net Non Operating Interest Income Expense": -2042000.0,
        "Interest Expense Non Operating": 2138000.0,
        "Interest Income Non Operating": 96000.0,
        "Operating Income": -6882000.0,
        "Operating Expense": 32291000.0,
        "Research And Development": 6244000.0,
        "Selling General And Administration": 26047000.0,
        "Selling And Marketing Expense": 9590000.0,
        "General And Administrative Expense": 16457000.0,
        "Other Gand A": 16457000.0,
        "Gross Profit": 25409000.0,
        "Cost Of Revenue": 66252000.0,
        "Total Revenue": 91661000.0,
        "Operating Revenue": 91661000.0
    }
}