{
    "2023-04-30": {
        "Tax Effect Of Unusual Items": 0.0,
        "Tax Rate For Calcs": 0.271,
        "Normalized EBITDA": 1770000.0,
        "Total Unusual Items": NaN,
        "Total Unusual Items Excluding Goodwill": NaN,
        "Net Income From Continuing Operation Net Minority Interest": -4679000.0,
        "Reconciled Depreciation": 8156000.0,
        "Reconciled Cost Of Revenue": 42613000.0,
        "EBITDA": 1770000.0,
        "EBIT": -6386000.0,
        "Net Interest Income": -32000.0,
        "Interest Expense": 32000.0,
        "Normalized Income": -4679000.0,
        "Net Income From Continuing And Discontinued Operation": -4679000.0,
        "Total Expenses": 100748000.0,
        "Total Operating Income As Reported": -6386000.0,
        "Diluted Average Shares": 30794000.0,
        "Basic Average Shares": 30794000.0,
        "Diluted EPS": -0.15,
        "Basic EPS": -0.15,
        "Diluted NI Availto Com Stockholders": -4679000.0,
        "Net Income Common Stockholders": -4679000.0,
        "Net Income": -4679000.0,
        "Minority Interests": 0.0,
        "Net Income Including Noncontrolling Interests": -4679000.0,
        "Net Income Continuous Operations": -4679000.0,
        "Tax Provision": -1739000.0,
        "Pretax Income": -6418000.0,
        "Other Income Expense": NaN,
        "Special Income Charges": NaN,
        "Impairment Of Capital Assets": NaN,
        "Net Non Operating Interest Income Expense": -32000.0,
        "Total Other Finance Cost": NaN,
        "Interest Expense Non Operating": 32000.0,
        "Operating Income": -6386000.0,
        "Operating Expense": 58135000.0,
        "Other Operating Expenses": -371000.0,
        "Selling General And Administration": 58506000.0,
        "Gross Profit": 51749000.0,
        "Cost Of Revenue": 42613000.0,
        "Total Revenue": 94362000.0,
        "Operating Revenue": 94362000.0
    },
    "2023-01-31": {
        "Tax Effect Of Unusual Items": -7381300.022083,
        "Tax Rate For Calcs": 0.184912,
        "Normalized EBITDA": -30636000.0,
        "Total Unusual Items": -39918000.0,
        "Total Unusual Items Excluding Goodwill": -39918000.0,
        "Net Income From Continuing Operation Net Minority Interest": -28161000.0,
        "Reconciled Depreciation": 8559000.0,
        "Reconciled Cost Of Revenue": 87054000.0,
        "EBITDA": -70554000.0,
        "EBIT": -79113000.0,
        "Net Interest Income": -38000.0,
        "Interest Expense": 38000.0,
        "Normalized Income": 4375699.977917,
        "Net Income From Continuing And Discontinued Operation": -28161000.0,
        "Total Expenses": 156948000.0,
        "Total Operating Income As Reported": -49775000.0,
        "Diluted Average Shares": 30850000.0,
        "Basic Average Shares": 30850000.0,
        "Diluted EPS": -0.91,
        "Basic EPS": -0.91,
        "Diluted NI Availto Com Stockholders": -28161000.0,
        "Net Income Common Stockholders": -28161000.0,
        "Net Income": -28161000.0,
        "Minority Interests": 12441000.0,
        "Net Income Including Noncontrolling Interests": -40602000.0,
        "Net Income Continuous Operations": -40602000.0,
        "Tax Provision": -9211000.0,
        "Pretax Income": -49813000.0,
        "Other Income Expense": -39918000.0,
        "Special Income Charges": -39918000.0,
        "Impairment Of Capital Assets": 39918000.0,
        "Net Non Operating Interest Income Expense": -38000.0,
        "Total Other Finance Cost": NaN,
        "Interest Expense Non Operating": 38000.0,
        "Operating Income": -9857000.0,
        "Operating Expense": 69894000.0,
        "Other Operating Expenses": -107000.0,
        "Selling General And Administration": 70001000.0,
        "Gross Profit": 60037000.0,
        "Cost Of Revenue": 87054000.0,
        "Total Revenue": 147091000.0,
        "Operating Revenue": 147091000.0
    },
    "2022-10-31": {
        "Tax Effect Of Unusual Items": 0.0,
        "Tax Rate For Calcs": 0.184,
        "Normalized EBITDA": 14570000.0,
        "Total Unusual Items": 0.0,
        "Total Unusual Items Excluding Goodwill": 0.0,
        "Net Income From Continuing Operation Net Minority Interest": 5167000.0,
        "Reconciled Depreciation": 8612000.0,
        "Reconciled Cost Of Revenue": 58164000.0,
        "EBITDA": 14570000.0,
        "EBIT": 5958000.0,
        "Net Interest Income": -39000.0,
        "Interest Expense": 39000.0,
        "Normalized Income": 5167000.0,
        "Net Income From Continuing And Discontinued Operation": 5167000.0,
        "Total Expenses": 118082000.0,
        "Total Operating Income As Reported": 5958000.0,
        "Diluted Average Shares": 31229000.0,
        "Basic Average Shares": 31061000.0,
        "Diluted EPS": 0.17,
        "Basic EPS": 0.17,
        "Diluted NI Availto Com Stockholders": 5167000.0,
        "Net Income Common Stockholders": 5167000.0,
        "Net Income": 5167000.0,
        "Minority Interests": 338000.0,
        "Net Income Including Noncontrolling Interests": 4829000.0,
        "Net Income Continuous Operations": 4829000.0,
        "Tax Provision": 1090000.0,
        "Pretax Income": 5919000.0,
        "Other Income Expense": NaN,
        "Special Income Charges": 0.0,
        "Impairment Of Capital Assets": 0.0,
        "Net Non Operating Interest Income Expense": -39000.0,
        "Total Other Finance Cost": 39000.0,
        "Interest Expense Non Operating": 39000.0,
        "Operating Income": 5958000.0,
        "Operating Expense": 59918000.0,
        "Other Operating Expenses": -141000.0,
        "Selling General And Administration": 60059000.0,
        "Gross Profit": 65876000.0,
        "Cost Of Revenue": 58164000.0,
        "Total Revenue": 124040000.0,
        "Operating Revenue": 124040000.0
    },
    "2022-07-31": {
        "Tax Effect Of Unusual Items": -4077213.244044,
        "Tax Rate For Calcs": 0.138974,
        "Normalized EBITDA": -5175000.0,
        "Total Unusual Items": -29338000.0,
        "Total Unusual Items Excluding Goodwill": -29338000.0,
        "Net Income From Continuing Operation Net Minority Interest": -29767000.0,
        "Reconciled Depreciation": 8308000.0,
        "Reconciled Cost Of Revenue": 69854000.0,
        "EBITDA": -34513000.0,
        "EBIT": -42821000.0,
        "Net Interest Income": -36000.0,
        "Interest Expense": 36000.0,
        "Normalized Income": -4506213.244044,
        "Net Income From Continuing And Discontinued Operation": -29767000.0,
        "Total Expenses": 143854000.0,
        "Total Operating Income As Reported": -42821000.0,
        "Diluted Average Shares": 31429000.0,
        "Basic Average Shares": 31429000.0,
        "Diluted EPS": -0.95,
        "Basic EPS": -0.95,
        "Diluted NI Availto Com Stockholders": -29767000.0,
        "Net Income Common Stockholders": -29767000.0,
        "Net Income": -29767000.0,
        "Minority Interests": 7134000.0,
        "Net Income Including Noncontrolling Interests": -36901000.0,
        "Net Income Continuous Operations": -36901000.0,
        "Tax Provision": -5956000.0,
        "Pretax Income": -42857000.0,
        "Other Income Expense": -29338000.0,
        "Special Income Charges": -29338000.0,
        "Impairment Of Capital Assets": 29338000.0,
        "Net Non Operating Interest Income Expense": -36000.0,
        "Total Other Finance Cost": NaN,
        "Interest Expense Non Operating": 36000.0,
        "Operating Income": -13483000.0,
        "Operating Expense": 74000000.0,
        "Other Operating Expenses": -42000.0,
        "Selling General And Administration": 74042000.0,
        "Gross Profit": 60517000.0,
        "Cost Of Revenue": 69854000.0,
        "Total Revenue": 130371000.0,
        "Operating Revenue": 130371000.0
    },
    "2022-04-30": {
        "Diluted EPS": -0.21,
        "Total Revenue": 98,
        "Gross Profit": 53,
        "Operating Income": -8,
        "EBIT": 0,
        "Net Income": -7
    },
    "2022-01-31": {
        "Diluted EPS": 0.15,
        "Total Revenue": 150,
        "Gross Profit": 76,
        "Operating Income": 8,
        "EBIT": 17,
        "Net Income": 5
    },
    "2021-10-31": {
        "Diluted EPS": 0.17,
        "Total Revenue": 135,
        "Gross Profit": 72,
        "Operating Income": 8,
        "EBIT": 16,
        "Net Income": 6
    },
    "2021-07-31": {
        "Diluted EPS": 0.26,
        "Total Revenue": 147,
        "Gross Profit": 80,
        "Operating Income": 13,
        "EBIT": 21,
        "Net Income": 9
    },
    "2021-04-30": {
        "Diluted EPS": -0.06,
        "Total Revenue": 109,
        "Gross Profit": 59,
        "Operating Income": -2,
        "EBIT": 6,
        "Net Income": -2
    },
    "2021-01-31": {
        "Diluted EPS": 0.24,
        "Total Revenue": 142,
        "Gross Profit": 78,
        "Operating Income": 9,
        "EBIT": 19,
        "Net Income": 8
    },
    "2020-10-31": {
        "Diluted EPS": 0.26,
        "Total Revenue": 125,
        "Gross Profit": 74,
        "Operating Income": 12,
        "EBIT": 22,
        "Net Income": 9
    },
    "2020-07-31": {
        "Diluted EPS": 0.42,
        "Total Revenue": 132,
        "Gross Profit": 80,
        "Operating Income": 17,
        "EBIT": 29,
        "Net Income": 14
    },
    "2020-04-30": {
        "Diluted EPS": -0.66,
        "Total Revenue": 69,
        "Gross Profit": 34,
        "Operating Income": -26,
        "EBIT": -13,
        "Net Income": -22
    },
    "2020-01-31": {
        "Diluted EPS": 0.37,
        "Total Revenue": 157,
        "Gross Profit": 86,
        "Operating Income": 17,
        "EBIT": 31,
        "Net Income": 12
    },
    "2019-10-31": {
        "Diluted EPS": 0.0,
        "Total Revenue": 128,
        "Gross Profit": 68,
        "Operating Income": -1,
        "EBIT": 19,
        "Net Income": 0
    },
    "2019-07-31": {
        "Diluted EPS": 0.17,
        "Total Revenue": 120,
        "Gross Profit": 67,
        "Operating Income": 7,
        "EBIT": 18,
        "Net Income": 6
    },
    "2019-04-30": {
        "Diluted EPS": -0.07,
        "Total Revenue": 91,
        "Gross Profit": 50,
        "Operating Income": -4,
        "EBIT": 6,
        "Net Income": -2
    },
    "2019-01-31": {
        "Diluted EPS": 0.25,
        "Total Revenue": 118,
        "Gross Profit": 67,
        "Operating Income": 12,
        "EBIT": 16,
        "Net Income": 9
    },
    "2018-10-31": {
        "Diluted EPS": 0.12,
        "Total Revenue": 98,
        "Gross Profit": 57,
        "Operating Income": 5,
        "EBIT": 9,
        "Net Income": 4
    },
    "2018-07-31": {
        "Diluted EPS": 0.26,
        "Total Revenue": 114,
        "Gross Profit": 66,
        "Operating Income": 12,
        "EBIT": 16,
        "Net Income": 9
    },
    "2018-04-30": {
        "Diluted EPS": -0.04,
        "Total Revenue": 87,
        "Gross Profit": 49,
        "Operating Income": -2,
        "EBIT": 2,
        "Net Income": -1
    },
    "2018-01-31": {
        "Diluted EPS": 0.23,
        "Total Revenue": 132,
        "Gross Profit": 74,
        "Operating Income": 16,
        "EBIT": 20,
        "Net Income": 9
    },
    "2017-10-31": {
        "Diluted EPS": 0.01,
        "Total Revenue": 114,
        "Gross Profit": 64,
        "Operating Income": 0,
        "EBIT": 6,
        "Net Income": 0
    },
    "2017-07-31": {
        "Diluted EPS": 0.06,
        "Total Revenue": 112,
        "Gross Profit": 63,
        "Operating Income": 4,
        "EBIT": 9,
        "Net Income": 2
    },
    "2017-04-30": {
        "Diluted EPS": -0.11,
        "Total Revenue": 96,
        "Gross Profit": 53,
        "Operating Income": -5,
        "EBIT": 0,
        "Net Income": -4
    },
    "2017-01-31": {
        "Diluted EPS": 0.09,
        "Total Revenue": 135,
        "Gross Profit": 75,
        "Operating Income": 5,
        "EBIT": 10,
        "Net Income": 3
    },
    "2016-10-31": {
        "Diluted EPS": 0.24,
        "Total Revenue": 127,
        "Gross Profit": 73,
        "Operating Income": 11,
        "EBIT": 16,
        "Net Income": 9
    },
    "2016-07-31": {
        "Diluted EPS": 0.14,
        "Total Revenue": 119,
        "Gross Profit": 68,
        "Operating Income": 8,
        "EBIT": 13,
        "Net Income": 5
    },
    "2016-04-30": {
        "Diluted EPS": 0.06,
        "Total Revenue": 105,
        "Gross Profit": 60,
        "Operating Income": 4,
        "EBIT": 9,
        "Net Income": 2
    },
    "2016-01-31": {
        "Diluted EPS": 0.39,
        "Total Revenue": 154,
        "Gross Profit": 90,
        "Operating Income": 25,
        "EBIT": 30,
        "Net Income": 16
    },
    "2015-10-31": {
        "Diluted EPS": 0.27,
        "Total Revenue": 127,
        "Gross Profit": 73,
        "Operating Income": 17,
        "EBIT": 22,
        "Net Income": 10
    },
    "2015-07-31": {
        "Diluted EPS": 0.15,
        "Total Revenue": 121,
        "Gross Profit": 67,
        "Operating Income": 9,
        "EBIT": 14,
        "Net Income": 6
    },
    "2015-04-30": {
        "Diluted EPS": -0.1,
        "Total Revenue": 101,
        "Gross Profit": 52,
        "Operating Income": -5,
        "EBIT": 0,
        "Net Income": -4
    },
    "2015-01-31": {
        "Diluted EPS": 0.43,
        "Total Revenue": 153,
        "Gross Profit": 80,
        "Operating Income": 26,
        "EBIT": 30,
        "Net Income": 17
    },
    "2014-10-31": {
        "Diluted EPS": 0.17,
        "Total Revenue": 125,
        "Gross Profit": 66,
        "Operating Income": 14,
        "EBIT": 17,
        "Net Income": 7
    },
    "2014-07-31": {
        "Diluted EPS": 0.19,
        "Total Revenue": 119,
        "Gross Profit": 63,
        "Operating Income": 13,
        "EBIT": 17,
        "Net Income": 8
    },
    "2014-04-30": {
        "Diluted EPS": 0.16,
        "Total Revenue": 112,
        "Gross Profit": 60,
        "Operating Income": 11,
        "EBIT": 15,
        "Net Income": 7
    },
    "2014-01-31": {
        "Diluted EPS": 0.48,
        "Total Revenue": 154,
        "Gross Profit": 81,
        "Operating Income": 32,
        "EBIT": 36,
        "Net Income": 19
    },
    "2013-10-31": {
        "Diluted EPS": 0.37,
        "Total Revenue": 129,
        "Gross Profit": 71,
        "Operating Income": 25,
        "EBIT": 29,
        "Net Income": 15
    },
    "2013-07-31": {
        "Diluted EPS": 0.37,
        "Total Revenue": 125,
        "Gross Profit": 72,
        "Operating Income": 24,
        "EBIT": 28,
        "Net Income": 15
    },
    "2013-04-30": {
        "Diluted EPS": 0.23,
        "Total Revenue": 123,
        "Gross Profit": 68,
        "Operating Income": 15,
        "EBIT": 19,
        "Net Income": 9
    },
    "2013-01-31": {
        "Diluted EPS": 0.62,
        "Total Revenue": 157,
        "Gross Profit": 90,
        "Operating Income": 43,
        "EBIT": 47,
        "Net Income": 25
    },
    "2012-10-31": {
        "Diluted EPS": 0.44,
        "Total Revenue": 138,
        "Gross Profit": 80,
        "Operating Income": 28,
        "EBIT": 30,
        "Net Income": 18
    },
    "2012-07-31": {
        "Diluted EPS": 0.33,
        "Total Revenue": 123,
        "Gross Profit": 69,
        "Operating Income": 22,
        "EBIT": 24,
        "Net Income": 13
    },
    "2012-04-30": {
        "Diluted EPS": 0.31,
        "Total Revenue": 117,
        "Gross Profit": 65,
        "Operating Income": 21,
        "EBIT": 23,
        "Net Income": 13
    },
    "2012-01-31": {
        "Diluted EPS": 0.49,
        "Total Revenue": 135,
        "Gross Profit": 76,
        "Operating Income": 33,
        "EBIT": 35,
        "Net Income": 20
    },
    "2011-10-31": {
        "Diluted EPS": 0.32,
        "Total Revenue": 121,
        "Gross Profit": 66,
        "Operating Income": 22,
        "EBIT": 24,
        "Net Income": 13
    },
    "2011-07-31": {
        "Diluted EPS": 0.34,
        "Total Revenue": 104,
        "Gross Profit": 60,
        "Operating Income": 23,
        "EBIT": 25,
        "Net Income": 14
    },
    "2011-04-30": {
        "Diluted EPS": 0.28,
        "Total Revenue": 101,
        "Gross Profit": 56,
        "Operating Income": 19,
        "EBIT": 21,
        "Net Income": 11
    },
    "2011-01-31": {
        "Diluted EPS": 0.35,
        "Total Revenue": 109,
        "Gross Profit": 62,
        "Operating Income": 27,
        "EBIT": 29,
        "Net Income": 14
    },
    "2010-10-31": {
        "Diluted EPS": 0.17,
        "Total Revenue": 92,
        "Gross Profit": 52,
        "Operating Income": 0,
        "EBIT": 2,
        "Net Income": 6
    },
    "2010-07-31": {
        "Diluted EPS": 0.26,
        "Total Revenue": 80,
        "Gross Profit": 47,
        "Operating Income": 10,
        "EBIT": 12,
        "Net Income": 9
    },
    "2010-04-30": {
        "Diluted EPS": 0.47,
        "Total Revenue": 85,
        "Gross Profit": 49,
        "Operating Income": 17,
        "EBIT": 19,
        "Net Income": 17
    },
    "2010-01-31": {
        "Diluted EPS": 0.0,
        "Total Revenue": NaN,
        "Gross Profit": NaN,
        "Operating Income": NaN,
        "EBIT": NaN,
        "Net Income": NaN
    },
    "2009-10-31": {
        "Diluted EPS": 0.36,
        "Total Revenue": 73,
        "Gross Profit": 40,
        "Operating Income": 13,
        "EBIT": 13,
        "Net Income": 13
    },
    "2009-01-31": {
        "Diluted EPS": 0.0,
        "Total Revenue": NaN,
        "Gross Profit": NaN,
        "Operating Income": NaN,
        "EBIT": NaN,
        "Net Income": NaN
    },
    "2023-07-31": {
        "Tax Effect Of Unusual Items": 0.0,
        "Tax Rate For Calcs": 0.28,
        "Normalized EBITDA": 20744000.0,
        "Total Unusual Items": 0.0,
        "Total Unusual Items Excluding Goodwill": 0.0,
        "Net Income From Continuing Operation Net Minority Interest": 9254000.0,
        "Reconciled Depreciation": 7873000.0,
        "Reconciled Cost Of Revenue": 56156000.0,
        "EBITDA": 20744000.0,
        "EBIT": 12871000.0,
        "Net Interest Income": -12000.0,
        "Interest Expense": 12000.0,
        "Normalized Income": 9254000.0,
        "Net Income From Continuing And Discontinued Operation": 9254000.0,
        "Total Expenses": 115301000.0,
        "Total Operating Income As Reported": 12871000.0,
        "Diluted Average Shares": 31139000.0,
        "Basic Average Shares": 30901000.0,
        "Diluted EPS": 0.3,
        "Basic EPS": 0.3,
        "Diluted NI Availto Com Stockholders": 9254000.0,
        "Net Income Common Stockholders": 9254000.0,
        "Net Income": 9254000.0,
        "Minority Interests": 0.0,
        "Net Income Including Noncontrolling Interests": 9254000.0,
        "Net Income Continuous Operations": 9254000.0,
        "Tax Provision": 3605000.0,
        "Pretax Income": 12859000.0,
        "Other Income Expense": NaN,
        "Special Income Charges": 0.0,
        "Impairment Of Capital Assets": 0.0,
        "Net Non Operating Interest Income Expense": -12000.0,
        "Total Other Finance Cost": NaN,
        "Interest Expense Non Operating": 12000.0,
        "Operating Income": 12871000.0,
        "Operating Expense": 59145000.0,
        "Other Operating Expenses": -260000.0,
        "Selling General And Administration": 59405000.0,
        "Gross Profit": 72016000.0,
        "Cost Of Revenue": 56156000.0,
        "Total Revenue": 128172000.0,
        "Operating Revenue": 128172000.0
    },
    "2023-10-31": {
        "Tax Effect Of Unusual Items": 0.0,
        "Tax Rate For Calcs": 0.276,
        "Normalized EBITDA": 14554000.0,
        "Total Unusual Items": 0.0,
        "Total Unusual Items Excluding Goodwill": 0.0,
        "Net Income From Continuing Operation Net Minority Interest": 5118000.0,
        "Reconciled Depreciation": 7768000.0,
        "Reconciled Cost Of Revenue": 51980000.0,
        "EBITDA": 14554000.0,
        "EBIT": 6786000.0,
        "Net Interest Income": 285000.0,
        "Interest Expense": NaN,
        "Normalized Income": 5118000.0,
        "Net Income From Continuing And Discontinued Operation": 5118000.0,
        "Total Expenses": 108201000.0,
        "Total Operating Income As Reported": 6786000.0,
        "Diluted Average Shares": 31322000.0,
        "Basic Average Shares": 30814000.0,
        "Diluted EPS": 0.16,
        "Basic EPS": 0.17,
        "Diluted NI Availto Com Stockholders": 5118000.0,
        "Net Income Common Stockholders": 5118000.0,
        "Net Income": 5118000.0,
        "Minority Interests": 0.0,
        "Net Income Including Noncontrolling Interests": 5118000.0,
        "Net Income Continuous Operations": 5118000.0,
        "Tax Provision": 1953000.0,
        "Pretax Income": 7071000.0,
        "Other Income Expense": NaN,
        "Special Income Charges": 0.0,
        "Impairment Of Capital Assets": 0.0,
        "Net Non Operating Interest Income Expense": 285000.0,
        "Total Other Finance Cost": -285000.0,
        "Interest Expense Non Operating": NaN,
        "Operating Income": 6786000.0,
        "Operating Expense": 56221000.0,
        "Other Operating Expenses": -142000.0,
        "Selling General And Administration": 56363000.0,
        "Gross Profit": 63007000.0,
        "Cost Of Revenue": 51980000.0,
        "Total Revenue": 114987000.0,
        "Operating Revenue": 114987000.0
    }
}