{
    "2023-03-31": {
        "Tax Effect Of Unusual Items": NaN,
        "Tax Rate For Calcs": NaN,
        "Normalized EBITDA": NaN,
        "Net Income From Continuing Operation Net Minority Interest": NaN,
        "Reconciled Depreciation": NaN,
        "Reconciled Cost Of Revenue": NaN,
        "EBITDA": NaN,
        "EBIT": NaN,
        "Net Interest Income": NaN,
        "Interest Expense": NaN,
        "Interest Income": NaN,
        "Normalized Income": NaN,
        "Net Income From Continuing And Discontinued Operation": NaN,
        "Total Expenses": NaN,
        "Total Operating Income As Reported": NaN,
        "Diluted Average Shares": 40500000.0,
        "Basic Average Shares": 40200000.0,
        "Diluted EPS": 0.1,
        "Basic EPS": 0.1,
        "Diluted NI Availto Com Stockholders": NaN,
        "Net Income Common Stockholders": NaN,
        "Net Income": NaN,
        "Minority Interests": NaN,
        "Net Income Including Noncontrolling Interests": NaN,
        "Net Income Continuous Operations": NaN,
        "Tax Provision": NaN,
        "Pretax Income": NaN,
        "Other Income Expense": NaN,
        "Other Non Operating Income Expenses": NaN,
        "Net Non Operating Interest Income Expense": NaN,
        "Total Other Finance Cost": NaN,
        "Interest Expense Non Operating": NaN,
        "Interest Income Non Operating": NaN,
        "Operating Income": NaN,
        "Operating Expense": NaN,
        "Research And Development": NaN,
        "Selling General And Administration": NaN,
        "Gross Profit": NaN,
        "Cost Of Revenue": NaN,
        "Total Revenue": NaN,
        "Operating Revenue": NaN
    },
    "2022-12-31": {
        "Tax Effect Of Unusual Items": 0.0,
        "Tax Rate For Calcs": 0.21,
        "Normalized EBITDA": 20300000.0,
        "Net Income From Continuing Operation Net Minority Interest": 3100000.0,
        "Reconciled Depreciation": 8000000.0,
        "Reconciled Cost Of Revenue": 142300000.0,
        "EBITDA": 20300000.0,
        "EBIT": 12300000.0,
        "Net Interest Income": -7000000.0,
        "Interest Expense": 6900000.0,
        "Interest Income": 500000.0,
        "Normalized Income": 3100000.0,
        "Net Income From Continuing And Discontinued Operation": 3100000.0,
        "Total Expenses": 192600000.0,
        "Total Operating Income As Reported": 13000000.0,
        "Diluted Average Shares": 40600000.0,
        "Basic Average Shares": 40100000.0,
        "Diluted EPS": 0.08,
        "Basic EPS": 0.08,
        "Diluted NI Availto Com Stockholders": 3100000.0,
        "Net Income Common Stockholders": 3100000.0,
        "Net Income": 3100000.0,
        "Minority Interests": -100000.0,
        "Net Income Including Noncontrolling Interests": 3200000.0,
        "Net Income Continuous Operations": 3200000.0,
        "Tax Provision": 2200000.0,
        "Pretax Income": 5400000.0,
        "Other Income Expense": -600000.0,
        "Other Non Operating Income Expenses": -600000.0,
        "Net Non Operating Interest Income Expense": -7000000.0,
        "Total Other Finance Cost": 600000.0,
        "Interest Expense Non Operating": 6900000.0,
        "Interest Income Non Operating": 500000.0,
        "Operating Income": 13000000.0,
        "Operating Expense": 50300000.0,
        "Research And Development": 20000000.0,
        "Selling General And Administration": 30300000.0,
        "Gross Profit": 63300000.0,
        "Cost Of Revenue": 142300000.0,
        "Total Revenue": 205600000.0,
        "Operating Revenue": 205600000.0
    },
    "2022-09-30": {
        "Tax Effect Of Unusual Items": 0.0,
        "Tax Rate For Calcs": 0.06383,
        "Normalized EBITDA": 23500000.0,
        "Net Income From Continuing Operation Net Minority Interest": 13100000.0,
        "Reconciled Depreciation": 8100000.0,
        "Reconciled Cost Of Revenue": 156900000.0,
        "EBITDA": 23500000.0,
        "EBIT": 23500000.0,
        "Net Interest Income": -9200000.0,
        "Interest Expense": 9400000.0,
        "Interest Income": 200000.0,
        "Normalized Income": 13100000.0,
        "Net Income From Continuing And Discontinued Operation": 13100000.0,
        "Total Expenses": 206800000.0,
        "Total Operating Income As Reported": 24600000.0,
        "Diluted Average Shares": 40900000.0,
        "Basic Average Shares": 40000000.0,
        "Diluted EPS": 0.32,
        "Basic EPS": 0.33,
        "Diluted NI Availto Com Stockholders": 13100000.0,
        "Net Income Common Stockholders": 13100000.0,
        "Net Income": 13100000.0,
        "Minority Interests": -100000.0,
        "Net Income Including Noncontrolling Interests": 13200000.0,
        "Net Income Continuous Operations": 13200000.0,
        "Tax Provision": 900000.0,
        "Pretax Income": 14100000.0,
        "Other Income Expense": -1300000.0,
        "Other Non Operating Income Expenses": -1300000.0,
        "Net Non Operating Interest Income Expense": -9200000.0,
        "Total Other Finance Cost": 600000.0,
        "Interest Expense Non Operating": 9400000.0,
        "Interest Income Non Operating": 200000.0,
        "Operating Income": 24600000.0,
        "Operating Expense": 49900000.0,
        "Research And Development": 20200000.0,
        "Selling General And Administration": 29700000.0,
        "Gross Profit": 74500000.0,
        "Cost Of Revenue": 156900000.0,
        "Total Revenue": 231400000.0,
        "Operating Revenue": 231400000.0
    },
    "2022-06-30": {
        "Tax Effect Of Unusual Items": 0.0,
        "Tax Rate For Calcs": 0.377778,
        "Normalized EBITDA": 22900000.0,
        "Net Income From Continuing Operation Net Minority Interest": 8200000.0,
        "Reconciled Depreciation": 8400000.0,
        "Reconciled Cost Of Revenue": 141100000.0,
        "EBITDA": 22900000.0,
        "EBIT": 22900000.0,
        "Net Interest Income": -9300000.0,
        "Interest Expense": 9400000.0,
        "Interest Income": 100000.0,
        "Normalized Income": 8200000.0,
        "Net Income From Continuing And Discontinued Operation": 8200000.0,
        "Total Expenses": 191500000.0,
        "Total Operating Income As Reported": 23000000.0,
        "Diluted Average Shares": 40500000.0,
        "Basic Average Shares": 39900000.0,
        "Diluted EPS": 0.2,
        "Basic EPS": 0.21,
        "Diluted NI Availto Com Stockholders": 8200000.0,
        "Net Income Common Stockholders": 8200000.0,
        "Net Income": 8200000.0,
        "Minority Interests": -200000.0,
        "Net Income Including Noncontrolling Interests": 8400000.0,
        "Net Income Continuous Operations": 8400000.0,
        "Tax Provision": 5100000.0,
        "Pretax Income": 13500000.0,
        "Other Income Expense": -200000.0,
        "Other Non Operating Income Expenses": -200000.0,
        "Net Non Operating Interest Income Expense": -9300000.0,
        "Total Other Finance Cost": 500000.0,
        "Interest Expense Non Operating": 9400000.0,
        "Interest Income Non Operating": 100000.0,
        "Operating Income": 23000000.0,
        "Operating Expense": 50400000.0,
        "Research And Development": 20200000.0,
        "Selling General And Administration": 30200000.0,
        "Gross Profit": 73400000.0,
        "Cost Of Revenue": 141100000.0,
        "Total Revenue": 214500000.0,
        "Operating Revenue": 214500000.0
    },
    "2023-06-30": {
        "Tax Effect Of Unusual Items": 0.0,
        "Tax Rate For Calcs": 0.21,
        "Normalized EBITDA": 32100000.0,
        "Net Income From Continuing Operation Net Minority Interest": 9100000.0,
        "Reconciled Depreciation": 8300000.0,
        "Reconciled Cost Of Revenue": 155900000.0,
        "EBITDA": 32100000.0,
        "EBIT": 23800000.0,
        "Net Interest Income": -6400000.0,
        "Interest Expense": 6700000.0,
        "Interest Income": 900000.0,
        "Normalized Income": 9100000.0,
        "Net Income From Continuing And Discontinued Operation": 9100000.0,
        "Total Expenses": 208000000.0,
        "Total Operating Income As Reported": 24200000.0,
        "Diluted Average Shares": 50400000.0,
        "Basic Average Shares": 40400000.0,
        "Diluted EPS": 0.21,
        "Basic EPS": 0.23,
        "Diluted NI Availto Com Stockholders": 9100000.0,
        "Net Income Common Stockholders": 9100000.0,
        "Net Income": 9100000.0,
        "Minority Interests": -100000.0,
        "Net Income Including Noncontrolling Interests": 9200000.0,
        "Net Income Continuous Operations": 9200000.0,
        "Tax Provision": 7900000.0,
        "Pretax Income": 17100000.0,
        "Other Income Expense": -700000.0,
        "Other Non Operating Income Expenses": -700000.0,
        "Net Non Operating Interest Income Expense": -6400000.0,
        "Total Other Finance Cost": 600000.0,
        "Interest Expense Non Operating": 6700000.0,
        "Interest Income Non Operating": 900000.0,
        "Operating Income": 24200000.0,
        "Operating Expense": 52100000.0,
        "Research And Development": 20000000.0,
        "Selling General And Administration": 32100000.0,
        "Gross Profit": 76300000.0,
        "Cost Of Revenue": 155900000.0,
        "Total Revenue": 232200000.0,
        "Operating Revenue": 232200000.0
    },
    "2022-03-31": {
        "Diluted EPS": 0.18,
        "Total Revenue": 215,
        "Gross Profit": 71,
        "Operating Income": 27,
        "EBIT": 38,
        "Net Income": 8
    },
    "2021-12-31": {
        "Diluted EPS": 0.03,
        "Total Revenue": 199,
        "Gross Profit": 65,
        "Operating Income": 14,
        "EBIT": 25,
        "Net Income": 1
    },
    "2021-09-30": {
        "Diluted EPS": 0.22,
        "Total Revenue": 226,
        "Gross Profit": 76,
        "Operating Income": 27,
        "EBIT": 38,
        "Net Income": 9
    },
    "2021-06-30": {
        "Diluted EPS": 0.29,
        "Total Revenue": 211,
        "Gross Profit": 74,
        "Operating Income": 26,
        "EBIT": 37,
        "Net Income": 12
    },
    "2021-03-31": {
        "Diluted EPS": 0.08,
        "Total Revenue": 204,
        "Gross Profit": 65,
        "Operating Income": 16,
        "EBIT": 28,
        "Net Income": 3
    },
    "2020-12-31": {
        "Diluted EPS": -0.16,
        "Total Revenue": 177,
        "Gross Profit": 57,
        "Operating Income": 6,
        "EBIT": 18,
        "Net Income": -6
    },
    "2020-09-30": {
        "Diluted EPS": -0.68,
        "Total Revenue": 170,
        "Gross Profit": 45,
        "Operating Income": -13,
        "EBIT": 2,
        "Net Income": -26
    },
    "2020-06-30": {
        "Diluted EPS": -0.73,
        "Total Revenue": 171,
        "Gross Profit": 26,
        "Operating Income": -27,
        "EBIT": -16,
        "Net Income": -28
    },
    "2020-03-31": {
        "Diluted EPS": -0.05,
        "Total Revenue": 197,
        "Gross Profit": 58,
        "Operating Income": 1,
        "EBIT": 13,
        "Net Income": -2
    },
    "2019-12-31": {
        "Diluted EPS": -0.03,
        "Total Revenue": 200,
        "Gross Profit": 61,
        "Operating Income": 5,
        "EBIT": 15,
        "Net Income": -1
    },
    "2019-09-30": {
        "Diluted EPS": 0.21,
        "Total Revenue": 202,
        "Gross Profit": 72,
        "Operating Income": 16,
        "EBIT": 26,
        "Net Income": 8
    },
    "2019-06-30": {
        "Diluted EPS": -0.04,
        "Total Revenue": 197,
        "Gross Profit": 61,
        "Operating Income": 5,
        "EBIT": 18,
        "Net Income": -1
    },
    "2019-03-31": {
        "Diluted EPS": 0.15,
        "Total Revenue": 196,
        "Gross Profit": 64,
        "Operating Income": 15,
        "EBIT": 24,
        "Net Income": 6
    },
    "2018-12-31": {
        "Diluted EPS": 0.08,
        "Total Revenue": 186,
        "Gross Profit": 60,
        "Operating Income": 10,
        "EBIT": 25,
        "Net Income": 3
    },
    "2018-09-30": {
        "Diluted EPS": 0.0,
        "Total Revenue": 205,
        "Gross Profit": 59,
        "Operating Income": 6,
        "EBIT": 21,
        "Net Income": 0
    },
    "2018-06-30": {
        "Diluted EPS": 0.1,
        "Total Revenue": 191,
        "Gross Profit": 63,
        "Operating Income": 7,
        "EBIT": 20,
        "Net Income": 4
    },
    "2018-03-31": {
        "Diluted EPS": 0.32,
        "Total Revenue": 201,
        "Gross Profit": 70,
        "Operating Income": 17,
        "EBIT": 28,
        "Net Income": 12
    },
    "2017-12-31": {
        "Diluted EPS": 0.3,
        "Total Revenue": 176,
        "Gross Profit": 62,
        "Operating Income": 14,
        "EBIT": 23,
        "Net Income": 11
    },
    "2017-09-30": {
        "Diluted EPS": 0.39,
        "Total Revenue": 216,
        "Gross Profit": 78,
        "Operating Income": 26,
        "EBIT": 38,
        "Net Income": 15
    },
    "2017-06-30": {
        "Diluted EPS": 0.28,
        "Total Revenue": 170,
        "Gross Profit": 60,
        "Operating Income": 16,
        "EBIT": 22,
        "Net Income": 11
    },
    "2017-03-31": {
        "Diluted EPS": 0.4,
        "Total Revenue": 155,
        "Gross Profit": 58,
        "Operating Income": 24,
        "EBIT": 30,
        "Net Income": 15
    },
    "2016-12-31": {
        "Diluted EPS": 0.29,
        "Total Revenue": 157,
        "Gross Profit": 59,
        "Operating Income": 19,
        "EBIT": 23,
        "Net Income": 11
    },
    "2016-09-30": {
        "Diluted EPS": 0.96,
        "Total Revenue": 172,
        "Gross Profit": 69,
        "Operating Income": 33,
        "EBIT": 37,
        "Net Income": 22
    },
    "2016-06-30": {
        "Diluted EPS": 0.47,
        "Total Revenue": 151,
        "Gross Profit": 63,
        "Operating Income": 28,
        "EBIT": 33,
        "Net Income": 18
    },
    "2016-03-31": {
        "Diluted EPS": 0.39,
        "Total Revenue": 150,
        "Gross Profit": 59,
        "Operating Income": 25,
        "EBIT": 29,
        "Net Income": 15
    },
    "2015-12-31": {
        "Diluted EPS": 0.0,
        "Total Revenue": 147,
        "Gross Profit": 57,
        "Operating Income": 23,
        "EBIT": 27,
        "Net Income": 14
    },
    "2015-09-30": {
        "Diluted EPS": 0.0,
        "Total Revenue": NaN,
        "Gross Profit": NaN,
        "Operating Income": NaN,
        "EBIT": NaN,
        "Net Income": NaN
    },
    "2014-09-30": {
        "Diluted EPS": 0.0,
        "Total Revenue": NaN,
        "Gross Profit": NaN,
        "Operating Income": NaN,
        "EBIT": NaN,
        "Net Income": NaN
    },
    "2023-09-30": {
        "Tax Effect Of Unusual Items": 0.0,
        "Tax Rate For Calcs": 0.21,
        "Normalized EBITDA": 16300000.0,
        "Net Income From Continuing Operation Net Minority Interest": 31900000.0,
        "Reconciled Depreciation": 8800000.0,
        "Reconciled Cost Of Revenue": 149400000.0,
        "EBITDA": 16300000.0,
        "EBIT": 7500000.0,
        "Net Interest Income": -5600000.0,
        "Interest Expense": 6500000.0,
        "Interest Income": 1600000.0,
        "Normalized Income": 31900000.0,
        "Net Income From Continuing And Discontinued Operation": 31900000.0,
        "Total Expenses": 203100000.0,
        "Total Operating Income As Reported": 24300000.0,
        "Diluted Average Shares": 50500000.0,
        "Basic Average Shares": 40400000.0,
        "Diluted EPS": 0.66,
        "Basic EPS": 0.79,
        "Diluted NI Availto Com Stockholders": 31900000.0,
        "Net Income Common Stockholders": 31900000.0,
        "Net Income": 31900000.0,
        "Minority Interests": -100000.0,
        "Net Income Including Noncontrolling Interests": 32000000.0,
        "Net Income Continuous Operations": 32000000.0,
        "Tax Provision": -31000000.0,
        "Pretax Income": 1000000.0,
        "Other Income Expense": -17700000.0,
        "Other Non Operating Income Expenses": 1500000.0,
        "Net Non Operating Interest Income Expense": -5600000.0,
        "Total Other Finance Cost": 700000.0,
        "Interest Expense Non Operating": 6500000.0,
        "Interest Income Non Operating": 1600000.0,
        "Operating Income": 24300000.0,
        "Operating Expense": 53700000.0,
        "Research And Development": 21800000.0,
        "Selling General And Administration": 31900000.0,
        "Gross Profit": 78000000.0,
        "Cost Of Revenue": 149400000.0,
        "Total Revenue": 227400000.0,
        "Operating Revenue": 227400000.0
    },
    "2023-12-31": {
        "Tax Effect Of Unusual Items": 0.0,
        "Tax Rate For Calcs": 0.333333,
        "Normalized EBITDA": 14700000.0,
        "Net Income From Continuing Operation Net Minority Interest": -500000.0,
        "Reconciled Depreciation": 8700000.0,
        "Reconciled Cost Of Revenue": 132900000.0,
        "EBITDA": 14700000.0,
        "EBIT": 6000000.0,
        "Net Interest Income": -5400000.0,
        "Interest Expense": 6600000.0,
        "Interest Income": 1900000.0,
        "Normalized Income": -500000.0,
        "Net Income From Continuing And Discontinued Operation": -500000.0,
        "Total Expenses": 185800000.0,
        "Total Operating Income As Reported": 4200000.0,
        "Diluted Average Shares": 40600000.0,
        "Basic Average Shares": 40600000.0,
        "Diluted EPS": -0.01,
        "Basic EPS": -0.01,
        "Diluted NI Availto Com Stockholders": -500000.0,
        "Net Income Common Stockholders": -500000.0,
        "Net Income": -500000.0,
        "Minority Interests": -100000.0,
        "Net Income Including Noncontrolling Interests": -400000.0,
        "Net Income Continuous Operations": -400000.0,
        "Tax Provision": -200000.0,
        "Pretax Income": -600000.0,
        "Other Income Expense": 600000.0,
        "Other Non Operating Income Expenses": 600000.0,
        "Net Non Operating Interest Income Expense": -5400000.0,
        "Total Other Finance Cost": 700000.0,
        "Interest Expense Non Operating": 6600000.0,
        "Interest Income Non Operating": 1900000.0,
        "Operating Income": 4200000.0,
        "Operating Expense": 52900000.0,
        "Research And Development": 20500000.0,
        "Selling General And Administration": 32400000.0,
        "Gross Profit": 57100000.0,
        "Cost Of Revenue": 132900000.0,
        "Total Revenue": 190000000.0,
        "Operating Revenue": 190000000.0
    },
    "2024-03-31": {
        "Tax Effect Of Unusual Items": 0.0,
        "Tax Rate For Calcs": 0.304348,
        "Normalized EBITDA": 17800000.0,
        "Net Income From Continuing Operation Net Minority Interest": 1400000.0,
        "Reconciled Depreciation": 8800000.0,
        "Reconciled Cost Of Revenue": 140400000.0,
        "EBITDA": 17800000.0,
        "EBIT": 9000000.0,
        "Net Interest Income": -6100000.0,
        "Interest Expense": 6700000.0,
        "Interest Income": 1800000.0,
        "Normalized Income": 1400000.0,
        "Net Income From Continuing And Discontinued Operation": 1400000.0,
        "Total Expenses": 198500000.0,
        "Total Operating Income As Reported": 7700000.0,
        "Diluted Average Shares": 41200000.0,
        "Basic Average Shares": 40700000.0,
        "Diluted EPS": 0.03,
        "Basic EPS": 0.03,
        "Diluted NI Availto Com Stockholders": 1400000.0,
        "Net Income Common Stockholders": 1400000.0,
        "Net Income": 1400000.0,
        "Minority Interests": -200000.0,
        "Net Income Including Noncontrolling Interests": 1600000.0,
        "Net Income Continuous Operations": 1600000.0,
        "Tax Provision": 700000.0,
        "Pretax Income": 2300000.0,
        "Other Income Expense": 700000.0,
        "Other Non Operating Income Expenses": 700000.0,
        "Net Non Operating Interest Income Expense": -6100000.0,
        "Total Other Finance Cost": 1200000.0,
        "Interest Expense Non Operating": 6700000.0,
        "Interest Income Non Operating": 1800000.0,
        "Operating Income": 7700000.0,
        "Operating Expense": 58100000.0,
        "Research And Development": 22600000.0,
        "Selling General And Administration": 35500000.0,
        "Gross Profit": 65800000.0,
        "Cost Of Revenue": 140400000.0,
        "Total Revenue": 206200000.0,
        "Operating Revenue": 206200000.0
    },
    "2024-06-30": {
        "Tax Effect Of Unusual Items": 0.0,
        "Tax Rate For Calcs": 0.21,
        "Normalized EBITDA": 14400000.0,
        "Net Income From Continuing Operation Net Minority Interest": 1400000.0,
        "Reconciled Depreciation": 7000000.0,
        "Reconciled Cost Of Revenue": 142200000.0,
        "EBITDA": 14400000.0,
        "EBIT": 7400000.0,
        "Net Interest Income": -5600000.0,
        "Interest Expense": 6600000.0,
        "Interest Income": 1800000.0,
        "Normalized Income": 1400000.0,
        "Net Income From Continuing And Discontinued Operation": 1400000.0,
        "Total Expenses": 199800000.0,
        "Total Operating Income As Reported": 9300000.0,
        "Diluted Average Shares": 41200000.0,
        "Basic Average Shares": 40900000.0,
        "Diluted EPS": 0.03,
        "Basic EPS": 0.03,
        "Diluted NI Availto Com Stockholders": 1400000.0,
        "Net Income Common Stockholders": 1400000.0,
        "Net Income": 1400000.0,
        "Minority Interests": -100000.0,
        "Net Income Including Noncontrolling Interests": 1500000.0,
        "Net Income Continuous Operations": 1500000.0,
        "Tax Provision": -700000.0,
        "Pretax Income": 800000.0,
        "Other Income Expense": -2900000.0,
        "Other Non Operating Income Expenses": -2900000.0,
        "Net Non Operating Interest Income Expense": -5600000.0,
        "Total Other Finance Cost": 800000.0,
        "Interest Expense Non Operating": 6600000.0,
        "Interest Income Non Operating": 1800000.0,
        "Operating Income": 9300000.0,
        "Operating Expense": 57600000.0,
        "Research And Development": 22000000.0,
        "Selling General And Administration": 35600000.0,
        "Gross Profit": 66900000.0,
        "Cost Of Revenue": 142200000.0,
        "Total Revenue": 209100000.0,
        "Operating Revenue": 209100000.0
    }
}