{
    "2023-03-31": {
        "Tax Effect Of Unusual Items": NaN,
        "Tax Rate For Calcs": NaN,
        "Normalized EBITDA": NaN,
        "Total Unusual Items": NaN,
        "Total Unusual Items Excluding Goodwill": NaN,
        "Net Income From Continuing Operation Net Minority Interest": NaN,
        "Reconciled Depreciation": NaN,
        "Reconciled Cost Of Revenue": 157556000.0,
        "EBITDA": NaN,
        "EBIT": NaN,
        "Net Interest Income": NaN,
        "Interest Expense": NaN,
        "Interest Income": NaN,
        "Normalized Income": NaN,
        "Net Income From Continuing And Discontinued Operation": NaN,
        "Total Expenses": NaN,
        "Rent Expense Supplemental": 4741000.0,
        "Total Operating Income As Reported": -68263000.0,
        "Diluted Average Shares": NaN,
        "Basic Average Shares": NaN,
        "Diluted EPS": NaN,
        "Basic EPS": NaN,
        "Diluted NI Availto Com Stockholders": NaN,
        "Net Income Common Stockholders": NaN,
        "Net Income": NaN,
        "Net Income Including Noncontrolling Interests": NaN,
        "Net Income Discontinuous Operations": NaN,
        "Net Income Continuous Operations": NaN,
        "Tax Provision": NaN,
        "Pretax Income": NaN,
        "Other Income Expense": NaN,
        "Other Non Operating Income Expenses": NaN,
        "Special Income Charges": NaN,
        "Other Special Charges": -8709000.0,
        "Write Off": NaN,
        "Impairment Of Capital Assets": 0.0,
        "Net Non Operating Interest Income Expense": NaN,
        "Interest Expense Non Operating": NaN,
        "Interest Income Non Operating": NaN,
        "Operating Income": NaN,
        "Operating Expense": NaN,
        "Other Operating Expenses": -6645000.0,
        "Depreciation Amortization Depletion Income Statement": NaN,
        "Depreciation And Amortization In Income Statement": NaN,
        "Selling General And Administration": NaN,
        "Selling And Marketing Expense": 13543000.0,
        "General And Administrative Expense": NaN,
        "Other Gand A": NaN,
        "Rent And Landing Fees": 4741000.0,
        "Salaries And Wages": NaN,
        "Gross Profit": 38805000.0,
        "Cost Of Revenue": 157662000.0,
        "Total Revenue": NaN,
        "Operating Revenue": NaN
    },
    "2022-12-31": {
        "Tax Effect Of Unusual Items": NaN,
        "Tax Rate For Calcs": NaN,
        "Normalized EBITDA": NaN,
        "Total Unusual Items": NaN,
        "Total Unusual Items Excluding Goodwill": NaN,
        "Net Income From Continuing Operation Net Minority Interest": NaN,
        "Reconciled Depreciation": NaN,
        "Reconciled Cost Of Revenue": NaN,
        "EBITDA": NaN,
        "EBIT": NaN,
        "Net Interest Income": NaN,
        "Interest Expense": NaN,
        "Interest Income": NaN,
        "Normalized Income": NaN,
        "Net Income From Continuing And Discontinued Operation": NaN,
        "Total Expenses": NaN,
        "Rent Expense Supplemental": 5955000.0,
        "Total Operating Income As Reported": -77609000.0,
        "Diluted Average Shares": NaN,
        "Basic Average Shares": NaN,
        "Diluted EPS": NaN,
        "Basic EPS": NaN,
        "Diluted NI Availto Com Stockholders": NaN,
        "Net Income Common Stockholders": NaN,
        "Net Income": NaN,
        "Net Income Including Noncontrolling Interests": NaN,
        "Net Income Discontinuous Operations": NaN,
        "Net Income Continuous Operations": NaN,
        "Tax Provision": NaN,
        "Pretax Income": NaN,
        "Other Income Expense": NaN,
        "Other Non Operating Income Expenses": NaN,
        "Special Income Charges": NaN,
        "Other Special Charges": -126767000.0,
        "Write Off": NaN,
        "Impairment Of Capital Assets": 5746000.0,
        "Net Non Operating Interest Income Expense": NaN,
        "Interest Expense Non Operating": NaN,
        "Interest Income Non Operating": NaN,
        "Operating Income": NaN,
        "Operating Expense": NaN,
        "Other Operating Expenses": NaN,
        "Depreciation Amortization Depletion Income Statement": NaN,
        "Depreciation And Amortization In Income Statement": NaN,
        "Selling General And Administration": NaN,
        "Selling And Marketing Expense": 8950000.0,
        "General And Administrative Expense": NaN,
        "Other Gand A": NaN,
        "Rent And Landing Fees": 5955000.0,
        "Salaries And Wages": NaN,
        "Gross Profit": NaN,
        "Cost Of Revenue": NaN,
        "Total Revenue": NaN,
        "Operating Revenue": NaN
    },
    "2022-09-30": {
        "Tax Effect Of Unusual Items": NaN,
        "Tax Rate For Calcs": NaN,
        "Normalized EBITDA": NaN,
        "Total Unusual Items": NaN,
        "Total Unusual Items Excluding Goodwill": NaN,
        "Net Income From Continuing Operation Net Minority Interest": NaN,
        "Reconciled Depreciation": NaN,
        "Reconciled Cost Of Revenue": NaN,
        "EBITDA": NaN,
        "EBIT": NaN,
        "Net Interest Income": NaN,
        "Interest Expense": NaN,
        "Interest Income": NaN,
        "Normalized Income": NaN,
        "Net Income From Continuing And Discontinued Operation": NaN,
        "Total Expenses": NaN,
        "Rent Expense Supplemental": NaN,
        "Total Operating Income As Reported": NaN,
        "Diluted Average Shares": NaN,
        "Basic Average Shares": NaN,
        "Diluted EPS": NaN,
        "Basic EPS": NaN,
        "Diluted NI Availto Com Stockholders": NaN,
        "Net Income Common Stockholders": NaN,
        "Net Income": NaN,
        "Net Income Including Noncontrolling Interests": NaN,
        "Net Income Discontinuous Operations": NaN,
        "Net Income Continuous Operations": NaN,
        "Tax Provision": NaN,
        "Pretax Income": NaN,
        "Other Income Expense": NaN,
        "Other Non Operating Income Expenses": NaN,
        "Special Income Charges": NaN,
        "Other Special Charges": -37917000.0,
        "Write Off": NaN,
        "Impairment Of Capital Assets": NaN,
        "Net Non Operating Interest Income Expense": NaN,
        "Interest Expense Non Operating": NaN,
        "Interest Income Non Operating": NaN,
        "Operating Income": NaN,
        "Operating Expense": NaN,
        "Other Operating Expenses": NaN,
        "Depreciation Amortization Depletion Income Statement": NaN,
        "Depreciation And Amortization In Income Statement": NaN,
        "Selling General And Administration": NaN,
        "Selling And Marketing Expense": NaN,
        "General And Administrative Expense": NaN,
        "Other Gand A": NaN,
        "Rent And Landing Fees": NaN,
        "Salaries And Wages": NaN,
        "Gross Profit": NaN,
        "Cost Of Revenue": NaN,
        "Total Revenue": NaN,
        "Operating Revenue": NaN
    },
    "2022-06-30": {
        "Tax Effect Of Unusual Items": -1362800.0,
        "Tax Rate For Calcs": 0.4,
        "Normalized EBITDA": -91778000.0,
        "Total Unusual Items": -3407000.0,
        "Total Unusual Items Excluding Goodwill": -3407000.0,
        "Net Income From Continuing Operation Net Minority Interest": -115089000.0,
        "Reconciled Depreciation": 10115000.0,
        "Reconciled Cost Of Revenue": 409004000.0,
        "EBITDA": -95185000.0,
        "EBIT": -105300000.0,
        "Net Interest Income": -5598000.0,
        "Interest Expense": 9533000.0,
        "Interest Income": 3935000.0,
        "Normalized Income": -113044800.0,
        "Net Income From Continuing And Discontinued Operation": -115089000.0,
        "Total Expenses": 572109000.0,
        "Rent Expense Supplemental": 5721000.0,
        "Total Operating Income As Reported": -100079000.0,
        "Diluted Average Shares": 138075210.0,
        "Basic Average Shares": 138075210.0,
        "Diluted EPS": -0.83,
        "Basic EPS": -0.83,
        "Diluted NI Availto Com Stockholders": -115089000.0,
        "Net Income Common Stockholders": -115089000.0,
        "Net Income": -115089000.0,
        "Net Income Including Noncontrolling Interests": -115089000.0,
        "Net Income Continuous Operations": -115089000.0,
        "Tax Provision": 256000.0,
        "Pretax Income": -114833000.0,
        "Other Income Expense": -12563000.0,
        "Other Non Operating Income Expenses": -9156000.0,
        "Special Income Charges": -3407000.0,
        "Other Special Charges": NaN,
        "Write Off": 3407000.0,
        "Impairment Of Capital Assets": 3407000.0,
        "Net Non Operating Interest Income Expense": -5598000.0,
        "Interest Expense Non Operating": 9533000.0,
        "Interest Income Non Operating": 3935000.0,
        "Operating Income": -96672000.0,
        "Operating Expense": 163029000.0,
        "Depreciation Amortization Depletion Income Statement": 10039000.0,
        "Depreciation And Amortization In Income Statement": 10039000.0,
        "Selling General And Administration": 152990000.0,
        "Selling And Marketing Expense": 21138000.0,
        "General And Administrative Expense": 131852000.0,
        "Other Gand A": 57240000.0,
        "Rent And Landing Fees": 5721000.0,
        "Salaries And Wages": 68891000.0,
        "Gross Profit": 66357000.0,
        "Cost Of Revenue": 409080000.0,
        "Total Revenue": 475437000.0,
        "Operating Revenue": 471070000.0
    },
    "2022-03-31": {
        "Diluted EPS": -2.26,
        "Total Revenue": 924,
        "Gross Profit": 82,
        "Operating Income": -316,
        "EBIT": -109,
        "Net Income": -310
    },
    "2021-12-31": {
        "Diluted EPS": -0.95,
        "Total Revenue": 934,
        "Gross Profit": 45,
        "Operating Income": -125,
        "EBIT": -120,
        "Net Income": -130
    },
    "2021-09-30": {
        "Diluted EPS": -0.72,
        "Total Revenue": 897,
        "Gross Profit": 58,
        "Operating Income": -94,
        "EBIT": -89,
        "Net Income": -98
    },
    "2021-06-30": {
        "Diluted EPS": -0.48,
        "Total Revenue": 762,
        "Gross Profit": 63,
        "Operating Income": -64,
        "EBIT": -60,
        "Net Income": -66
    },
    "2021-03-31": {
        "Diluted EPS": -0.57,
        "Total Revenue": 591,
        "Gross Profit": 36,
        "Operating Income": -76,
        "EBIT": -72,
        "Net Income": -77
    },
    "2020-12-31": {
        "Diluted EPS": 4.4,
        "Total Revenue": 406,
        "Gross Profit": 20,
        "Operating Income": -59,
        "EBIT": -58,
        "Net Income": -61
    },
    "2020-09-30": {
        "Diluted EPS": -0.31,
        "Total Revenue": 323,
        "Gross Profit": 25,
        "Operating Income": -37,
        "EBIT": -35,
        "Net Income": -38
    },
    "2020-06-30": {
        "Diluted EPS": -2.0,
        "Total Revenue": 253,
        "Gross Profit": 8,
        "Operating Income": -41,
        "EBIT": -40,
        "Net Income": -63
    },
    "2020-03-31": {
        "Diluted EPS": -4.85,
        "Total Revenue": 376,
        "Gross Profit": 18,
        "Operating Income": -41,
        "EBIT": -40,
        "Net Income": -41
    },
    "2019-12-31": {
        "Diluted EPS": 0.0,
        "Total Revenue": NaN,
        "Gross Profit": NaN,
        "Operating Income": NaN,
        "EBIT": NaN,
        "Net Income": NaN
    },
    "2019-09-30": {
        "Diluted EPS": -12.24,
        "Total Revenue": 340,
        "Gross Profit": 16,
        "Operating Income": -37,
        "EBIT": -35,
        "Net Income": -105
    },
    "2019-06-30": {
        "Diluted EPS": -6.9,
        "Total Revenue": 261,
        "Gross Profit": 14,
        "Operating Income": -31,
        "EBIT": -31,
        "Net Income": -59
    },
    "2018-12-31": {
        "Diluted EPS": 0.0,
        "Total Revenue": NaN,
        "Gross Profit": NaN,
        "Operating Income": NaN,
        "EBIT": NaN,
        "Net Income": NaN
    },
    "2023-06-30": {
        "Tax Effect Of Unusual Items": NaN,
        "Tax Rate For Calcs": NaN,
        "Normalized EBITDA": NaN,
        "Total Unusual Items": NaN,
        "Total Unusual Items Excluding Goodwill": NaN,
        "Net Income From Continuing Operation Net Minority Interest": NaN,
        "Reconciled Depreciation": NaN,
        "Reconciled Cost Of Revenue": 9631000.0,
        "EBITDA": NaN,
        "EBIT": NaN,
        "Net Interest Income": NaN,
        "Interest Expense": NaN,
        "Interest Income": 4921000.0,
        "Normalized Income": NaN,
        "Net Income From Continuing And Discontinued Operation": NaN,
        "Total Expenses": NaN,
        "Rent Expense Supplemental": 4284000.0,
        "Total Operating Income As Reported": -52611000.0,
        "Diluted Average Shares": 1739336.0,
        "Basic Average Shares": 1739336.0,
        "Diluted EPS": -37.97,
        "Basic EPS": -37.97,
        "Diluted NI Availto Com Stockholders": NaN,
        "Net Income Common Stockholders": NaN,
        "Net Income": NaN,
        "Net Income Including Noncontrolling Interests": NaN,
        "Net Income Discontinuous Operations": -58573000.0,
        "Net Income Continuous Operations": NaN,
        "Tax Provision": NaN,
        "Pretax Income": NaN,
        "Other Income Expense": NaN,
        "Other Non Operating Income Expenses": NaN,
        "Special Income Charges": NaN,
        "Other Special Charges": -10931000.0,
        "Write Off": 0.0,
        "Impairment Of Capital Assets": 1353000.0,
        "Net Non Operating Interest Income Expense": NaN,
        "Interest Expense Non Operating": NaN,
        "Interest Income Non Operating": 4921000.0,
        "Operating Income": NaN,
        "Operating Expense": NaN,
        "Other Operating Expenses": 4804000.0,
        "Depreciation Amortization Depletion Income Statement": NaN,
        "Depreciation And Amortization In Income Statement": NaN,
        "Selling General And Administration": NaN,
        "Selling And Marketing Expense": 16940000.0,
        "General And Administrative Expense": NaN,
        "Other Gand A": NaN,
        "Rent And Landing Fees": 4284000.0,
        "Salaries And Wages": 21341000.0,
        "Gross Profit": 43882000.0,
        "Cost Of Revenue": 9639000.0,
        "Total Revenue": NaN,
        "Operating Revenue": NaN
    },
    "2023-09-30": {
        "Tax Effect Of Unusual Items": 0.0,
        "Tax Rate For Calcs": 0.21,
        "Normalized EBITDA": -14093000.0,
        "Total Unusual Items": 0.0,
        "Total Unusual Items Excluding Goodwill": 0.0,
        "Net Income From Continuing Operation Net Minority Interest": -34739000.0,
        "Reconciled Depreciation": 7298000.0,
        "Reconciled Cost Of Revenue": 180551000.0,
        "EBITDA": -14093000.0,
        "EBIT": -21391000.0,
        "Net Interest Income": 34348000.0,
        "Interest Expense": 13231000.0,
        "Interest Income": 47579000.0,
        "Normalized Income": -34739000.0,
        "Net Income From Continuing And Discontinued Operation": -82727000.0,
        "Total Expenses": 10946000.0,
        "Rent Expense Supplemental": 4575000.0,
        "Total Operating Income As Reported": -42502000.0,
        "Diluted Average Shares": 1746154.0,
        "Basic Average Shares": 1746154.0,
        "Diluted EPS": -47.38,
        "Basic EPS": -47.38,
        "Diluted NI Availto Com Stockholders": -82727000.0,
        "Net Income Common Stockholders": -82727000.0,
        "Net Income": -82727000.0,
        "Net Income Including Noncontrolling Interests": -82727000.0,
        "Net Income Discontinuous Operations": -47988000.0,
        "Net Income Continuous Operations": -34739000.0,
        "Tax Provision": 117000.0,
        "Pretax Income": -34622000.0,
        "Other Income Expense": -61022000.0,
        "Other Non Operating Income Expenses": -61022000.0,
        "Special Income Charges": 0.0,
        "Other Special Charges": NaN,
        "Write Off": 0.0,
        "Impairment Of Capital Assets": 0.0,
        "Net Non Operating Interest Income Expense": 34348000.0,
        "Interest Expense Non Operating": 13231000.0,
        "Interest Income Non Operating": 47579000.0,
        "Operating Income": -7948000.0,
        "Operating Expense": 10946000.0,
        "Other Operating Expenses": NaN,
        "Depreciation Amortization Depletion Income Statement": 7298000.0,
        "Depreciation And Amortization In Income Statement": 7298000.0,
        "Selling General And Administration": 3648000.0,
        "Selling And Marketing Expense": 15638000.0,
        "General And Administrative Expense": 3648000.0,
        "Other Gand A": 3648000.0,
        "Rent And Landing Fees": 4575000.0,
        "Salaries And Wages": 37695000.0,
        "Gross Profit": 48094000.0,
        "Cost Of Revenue": 187540000.0,
        "Total Revenue": 2998000.0,
        "Operating Revenue": 2998000.0
    },
    "2023-12-31": {
        "Tax Effect Of Unusual Items": -62380.465175,
        "Tax Rate For Calcs": 0.002139,
        "Normalized EBITDA": -86882000.0,
        "Total Unusual Items": -29157000.0,
        "Total Unusual Items Excluding Goodwill": -29157000.0,
        "Net Income From Continuing Operation Net Minority Interest": -141321000.0,
        "Reconciled Depreciation": 11055000.0,
        "Reconciled Cost Of Revenue": 206746000.0,
        "EBITDA": -116039000.0,
        "EBIT": -127094000.0,
        "Net Interest Income": -9741000.0,
        "Interest Expense": 14530000.0,
        "Interest Income": 4789000.0,
        "Normalized Income": -112226380.465175,
        "Net Income From Continuing And Discontinued Operation": -141321000.0,
        "Total Expenses": 295380000.0,
        "Rent Expense Supplemental": 4410000.0,
        "Total Operating Income As Reported": -106851000.0,
        "Diluted Average Shares": NaN,
        "Basic Average Shares": NaN,
        "Diluted EPS": NaN,
        "Basic EPS": NaN,
        "Diluted NI Availto Com Stockholders": -141321000.0,
        "Net Income Common Stockholders": -141321000.0,
        "Net Income": -141321000.0,
        "Net Income Including Noncontrolling Interests": -141321000.0,
        "Net Income Discontinuous Operations": NaN,
        "Net Income Continuous Operations": -141321000.0,
        "Tax Provision": -303000.0,
        "Pretax Income": -141624000.0,
        "Other Income Expense": -72427000.0,
        "Other Non Operating Income Expenses": -43270000.0,
        "Special Income Charges": -29157000.0,
        "Other Special Charges": -18238000.0,
        "Write Off": NaN,
        "Impairment Of Capital Assets": 47395000.0,
        "Net Non Operating Interest Income Expense": -9741000.0,
        "Interest Expense Non Operating": 14530000.0,
        "Interest Income Non Operating": 4789000.0,
        "Operating Income": -59456000.0,
        "Operating Expense": 88503000.0,
        "Other Operating Expenses": NaN,
        "Depreciation Amortization Depletion Income Statement": 10924000.0,
        "Depreciation And Amortization In Income Statement": 10924000.0,
        "Selling General And Administration": 77579000.0,
        "Selling And Marketing Expense": 10784000.0,
        "General And Administrative Expense": 66795000.0,
        "Other Gand A": 26647000.0,
        "Rent And Landing Fees": 4410000.0,
        "Salaries And Wages": 35738000.0,
        "Gross Profit": 29047000.0,
        "Cost Of Revenue": 206877000.0,
        "Total Revenue": 235924000.0,
        "Operating Revenue": 232703000.0
    },
    "2024-03-31": {
        "Tax Effect Of Unusual Items": -577920.0,
        "Tax Rate For Calcs": 0.21,
        "Normalized EBITDA": -18131000.0,
        "Total Unusual Items": -2752000.0,
        "Total Unusual Items Excluding Goodwill": -2752000.0,
        "Net Income From Continuing Operation Net Minority Interest": -44676000.0,
        "Reconciled Depreciation": 7626000.0,
        "Reconciled Cost Of Revenue": NaN,
        "EBITDA": -20883000.0,
        "EBIT": -28509000.0,
        "Net Interest Income": 35346000.0,
        "Interest Expense": 15731000.0,
        "Interest Income": 51077000.0,
        "Normalized Income": -42501920.0,
        "Net Income From Continuing And Discontinued Operation": -67617000.0,
        "Total Expenses": 41561000.0,
        "Rent Expense Supplemental": NaN,
        "Total Operating Income As Reported": NaN,
        "Diluted Average Shares": 1794303.0,
        "Basic Average Shares": 1794303.0,
        "Diluted EPS": -37.68,
        "Basic EPS": -37.68,
        "Diluted NI Availto Com Stockholders": -67617000.0,
        "Net Income Common Stockholders": -67617000.0,
        "Net Income": -67617000.0,
        "Net Income Including Noncontrolling Interests": -67617000.0,
        "Net Income Discontinuous Operations": -22941000.0,
        "Net Income Continuous Operations": -44676000.0,
        "Tax Provision": 436000.0,
        "Pretax Income": -44240000.0,
        "Other Income Expense": -38025000.0,
        "Other Non Operating Income Expenses": -35273000.0,
        "Special Income Charges": -2752000.0,
        "Other Special Charges": NaN,
        "Write Off": 2752000.0,
        "Impairment Of Capital Assets": NaN,
        "Net Non Operating Interest Income Expense": 35346000.0,
        "Interest Expense Non Operating": 15731000.0,
        "Interest Income Non Operating": 51077000.0,
        "Operating Income": -41561000.0,
        "Operating Expense": 41561000.0,
        "Other Operating Expenses": 6482000.0,
        "Depreciation Amortization Depletion Income Statement": 7626000.0,
        "Depreciation And Amortization In Income Statement": 7626000.0,
        "Selling General And Administration": 27453000.0,
        "Selling And Marketing Expense": NaN,
        "General And Administrative Expense": 27453000.0,
        "Other Gand A": 3343000.0,
        "Rent And Landing Fees": NaN,
        "Salaries And Wages": 24110000.0,
        "Gross Profit": NaN,
        "Cost Of Revenue": NaN,
        "Total Revenue": 0.0,
        "Operating Revenue": 0.0
    },
    "2024-06-30": {
        "Tax Effect Of Unusual Items": 0.0,
        "Tax Rate For Calcs": 0.0087,
        "Normalized EBITDA": -10490000.0,
        "Total Unusual Items": 0.0,
        "Total Unusual Items Excluding Goodwill": 0.0,
        "Net Income From Continuing Operation Net Minority Interest": -19104000.0,
        "Reconciled Depreciation": 7232000.0,
        "Reconciled Cost Of Revenue": 14981000.0,
        "EBITDA": -10490000.0,
        "EBIT": -17722000.0,
        "Net Interest Income": -1549000.0,
        "Interest Expense": 1549000.0,
        "Interest Income": NaN,
        "Normalized Income": -19104000.0,
        "Net Income From Continuing And Discontinued Operation": -21188000.0,
        "Total Expenses": 54913000.0,
        "Rent Expense Supplemental": NaN,
        "Total Operating Income As Reported": NaN,
        "Diluted Average Shares": 1800486.0,
        "Basic Average Shares": 1800486.0,
        "Diluted EPS": -11.77,
        "Basic EPS": -11.77,
        "Diluted NI Availto Com Stockholders": -21188000.0,
        "Net Income Common Stockholders": -21188000.0,
        "Net Income": -21188000.0,
        "Net Income Including Noncontrolling Interests": -21188000.0,
        "Net Income Discontinuous Operations": -2084000.0,
        "Net Income Continuous Operations": -19104000.0,
        "Tax Provision": -167000.0,
        "Pretax Income": -19271000.0,
        "Other Income Expense": -20549000.0,
        "Other Non Operating Income Expenses": -20549000.0,
        "Special Income Charges": 0.0,
        "Other Special Charges": NaN,
        "Write Off": 0.0,
        "Impairment Of Capital Assets": NaN,
        "Net Non Operating Interest Income Expense": -1549000.0,
        "Interest Expense Non Operating": 1549000.0,
        "Interest Income Non Operating": NaN,
        "Operating Income": 2827000.0,
        "Operating Expense": 39932000.0,
        "Other Operating Expenses": 4036000.0,
        "Depreciation Amortization Depletion Income Statement": 7232000.0,
        "Depreciation And Amortization In Income Statement": 7232000.0,
        "Selling General And Administration": 28664000.0,
        "Selling And Marketing Expense": NaN,
        "General And Administrative Expense": 28664000.0,
        "Other Gand A": 1488000.0,
        "Rent And Landing Fees": NaN,
        "Salaries And Wages": 27176000.0,
        "Gross Profit": 42759000.0,
        "Cost Of Revenue": 14981000.0,
        "Total Revenue": 57740000.0,
        "Operating Revenue": 57740000.0
    },
    "2024-09-30": {
        "Tax Effect Of Unusual Items": -505470.0,
        "Tax Rate For Calcs": 0.21,
        "Normalized EBITDA": -11160000.0,
        "Total Unusual Items": -2407000.0,
        "Total Unusual Items Excluding Goodwill": -2407000.0,
        "Net Income From Continuing Operation Net Minority Interest": -37744000.0,
        "Reconciled Depreciation": 7105000.0,
        "Reconciled Cost Of Revenue": NaN,
        "EBITDA": -13567000.0,
        "EBIT": -20672000.0,
        "Net Interest Income": 33265000.0,
        "Interest Expense": 16948000.0,
        "Interest Income": 50213000.0,
        "Normalized Income": -35842470.0,
        "Net Income From Continuing And Discontinued Operation": -39743000.0,
        "Total Expenses": 8692000.0,
        "Rent Expense Supplemental": NaN,
        "Total Operating Income As Reported": NaN,
        "Diluted Average Shares": 1807398.0,
        "Basic Average Shares": 1807398.0,
        "Diluted EPS": -21.99,
        "Basic EPS": -21.99,
        "Diluted NI Availto Com Stockholders": -39743000.0,
        "Net Income Common Stockholders": -39743000.0,
        "Net Income": -39743000.0,
        "Net Income Including Noncontrolling Interests": -39743000.0,
        "Net Income Discontinuous Operations": -1999000.0,
        "Net Income Continuous Operations": -37744000.0,
        "Tax Provision": 124000.0,
        "Pretax Income": -37620000.0,
        "Other Income Expense": -65083000.0,
        "Other Non Operating Income Expenses": -62676000.0,
        "Special Income Charges": -2407000.0,
        "Other Special Charges": NaN,
        "Write Off": 2407000.0,
        "Impairment Of Capital Assets": NaN,
        "Net Non Operating Interest Income Expense": 33265000.0,
        "Interest Expense Non Operating": 16948000.0,
        "Interest Income Non Operating": 50213000.0,
        "Operating Income": -5802000.0,
        "Operating Expense": 8692000.0,
        "Other Operating Expenses": NaN,
        "Depreciation Amortization Depletion Income Statement": 7105000.0,
        "Depreciation And Amortization In Income Statement": 7105000.0,
        "Selling General And Administration": 1587000.0,
        "Selling And Marketing Expense": NaN,
        "General And Administrative Expense": 1587000.0,
        "Other Gand A": 1587000.0,
        "Rent And Landing Fees": NaN,
        "Salaries And Wages": NaN,
        "Gross Profit": NaN,
        "Cost Of Revenue": NaN,
        "Total Revenue": 2890000.0,
        "Operating Revenue": 2890000.0
    }
}