{
    "2023-03-31": {
        "Tax Effect Of Unusual Items": -3937080.0,
        "Tax Rate For Calcs": 0.21,
        "Normalized EBITDA": 84190000.0,
        "Total Unusual Items": -18748000.0,
        "Total Unusual Items Excluding Goodwill": -18748000.0,
        "Net Income From Continuing Operation Net Minority Interest": 4577000.0,
        "Reconciled Depreciation": 30309000.0,
        "Reconciled Cost Of Revenue": 9637000.0,
        "EBITDA": 65442000.0,
        "EBIT": 35109000.0,
        "Net Interest Income": -22687000.0,
        "Interest Expense": 22687000.0,
        "Normalized Income": 19387920.0,
        "Net Income From Continuing And Discontinued Operation": 4577000.0,
        "Total Expenses": 141802000.0,
        "Total Operating Income As Reported": 50101000.0,
        "Diluted Average Shares": 153129000.0,
        "Basic Average Shares": 149165000.0,
        "Diluted EPS": 0.03,
        "Basic EPS": 0.03,
        "Diluted NI Availto Com Stockholders": 4577000.0,
        "Net Income Common Stockholders": 4577000.0,
        "Net Income": 4577000.0,
        "Net Income Including Noncontrolling Interests": 4577000.0,
        "Net Income Continuous Operations": 4577000.0,
        "Tax Provision": 7845000.0,
        "Pretax Income": 12422000.0,
        "Other Income Expense": -14992000.0,
        "Other Non Operating Income Expenses": 3756000.0,
        "Special Income Charges": -1349000.0,
        "Other Special Charges": 1349000.0,
        "Gain On Sale Of Security": -17399000.0,
        "Net Non Operating Interest Income Expense": -22687000.0,
        "Interest Expense Non Operating": 22687000.0,
        "Operating Income": 50101000.0,
        "Operating Expense": 132189000.0,
        "Other Operating Expenses": 61843000.0,
        "Depreciation Amortization Depletion Income Statement": 30333000.0,
        "Depreciation And Amortization In Income Statement": 30333000.0,
        "Selling General And Administration": 40013000.0,
        "General And Administrative Expense": NaN,
        "Other Gand A": NaN,
        "Salaries And Wages": NaN,
        "Gross Profit": 182290000.0,
        "Cost Of Revenue": 9613000.0,
        "Total Revenue": 191903000.0,
        "Operating Revenue": 191903000.0
    },
    "2022-12-31": {
        "Tax Effect Of Unusual Items": 1987966.882876,
        "Tax Rate For Calcs": 0.193702,
        "Normalized EBITDA": 79375000.0,
        "Total Unusual Items": 10263000.0,
        "Total Unusual Items Excluding Goodwill": 10263000.0,
        "Net Income From Continuing Operation Net Minority Interest": 28218000.0,
        "Reconciled Depreciation": 33390000.0,
        "Reconciled Cost Of Revenue": 10891000.0,
        "EBITDA": 89638000.0,
        "EBIT": 55345000.0,
        "Net Interest Income": -20348000.0,
        "Interest Expense": 20348000.0,
        "Normalized Income": 19942966.882876,
        "Net Income From Continuing And Discontinued Operation": 28218000.0,
        "Total Expenses": 144030000.0,
        "Total Operating Income As Reported": 42040000.0,
        "Diluted Average Shares": 154825000.0,
        "Basic Average Shares": 149227000.0,
        "Diluted EPS": 0.13,
        "Basic EPS": 0.19,
        "Diluted NI Availto Com Stockholders": 28218000.0,
        "Net Income Common Stockholders": 28218000.0,
        "Net Income": 28218000.0,
        "Net Income Including Noncontrolling Interests": 28218000.0,
        "Net Income Continuous Operations": 28218000.0,
        "Tax Provision": 6779000.0,
        "Pretax Income": 34997000.0,
        "Other Income Expense": 13305000.0,
        "Other Non Operating Income Expenses": 3042000.0,
        "Special Income Charges": 0.0,
        "Other Special Charges": 0.0,
        "Gain On Sale Of Security": 10263000.0,
        "Net Non Operating Interest Income Expense": -20348000.0,
        "Interest Expense Non Operating": 20348000.0,
        "Operating Income": 42040000.0,
        "Operating Expense": 134042000.0,
        "Other Operating Expenses": 59529000.0,
        "Depreciation Amortization Depletion Income Statement": 34293000.0,
        "Depreciation And Amortization In Income Statement": 34293000.0,
        "Selling General And Administration": 40220000.0,
        "General And Administrative Expense": NaN,
        "Other Gand A": NaN,
        "Salaries And Wages": NaN,
        "Gross Profit": 176082000.0,
        "Cost Of Revenue": 9988000.0,
        "Total Revenue": 186070000.0,
        "Operating Revenue": 186070000.0
    },
    "2022-09-30": {
        "Tax Effect Of Unusual Items": 1344360.0,
        "Tax Rate For Calcs": 0.255,
        "Normalized EBITDA": 83039000.0,
        "Total Unusual Items": 5272000.0,
        "Total Unusual Items Excluding Goodwill": 5272000.0,
        "Net Income From Continuing Operation Net Minority Interest": 24576000.0,
        "Reconciled Depreciation": 35079000.0,
        "Reconciled Cost Of Revenue": 15417000.0,
        "EBITDA": 88311000.0,
        "EBIT": 53232000.0,
        "Net Interest Income": -20260000.0,
        "Interest Expense": 20260000.0,
        "Normalized Income": 20648360.0,
        "Net Income From Continuing And Discontinued Operation": 24576000.0,
        "Total Expenses": 152158000.0,
        "Total Operating Income As Reported": 45498000.0,
        "Diluted Average Shares": 158304000.0,
        "Basic Average Shares": 151429000.0,
        "Diluted EPS": 0.15,
        "Basic EPS": 0.16,
        "Diluted NI Availto Com Stockholders": 24576000.0,
        "Net Income Common Stockholders": 24576000.0,
        "Net Income": 24576000.0,
        "Net Income Including Noncontrolling Interests": 24576000.0,
        "Net Income Continuous Operations": 24576000.0,
        "Tax Provision": 8396000.0,
        "Pretax Income": 32972000.0,
        "Other Income Expense": 7734000.0,
        "Other Non Operating Income Expenses": 2462000.0,
        "Special Income Charges": 3005000.0,
        "Other Special Charges": -3005000.0,
        "Gain On Sale Of Security": 2267000.0,
        "Net Non Operating Interest Income Expense": -20260000.0,
        "Interest Expense Non Operating": 20260000.0,
        "Operating Income": 45498000.0,
        "Operating Expense": 136697000.0,
        "Other Operating Expenses": 60536000.0,
        "Depreciation Amortization Depletion Income Statement": 35035000.0,
        "Depreciation And Amortization In Income Statement": 35035000.0,
        "Selling General And Administration": 41126000.0,
        "General And Administrative Expense": NaN,
        "Other Gand A": NaN,
        "Salaries And Wages": NaN,
        "Gross Profit": 182195000.0,
        "Cost Of Revenue": 15461000.0,
        "Total Revenue": 197656000.0,
        "Operating Revenue": 197656000.0
    },
    "2022-06-30": {
        "Tax Effect Of Unusual Items": 1973400.0,
        "Tax Rate For Calcs": 0.299,
        "Normalized EBITDA": 85104000.0,
        "Total Unusual Items": 6600000.0,
        "Total Unusual Items Excluding Goodwill": 6600000.0,
        "Net Income From Continuing Operation Net Minority Interest": 29641000.0,
        "Reconciled Depreciation": 34540000.0,
        "Reconciled Cost Of Revenue": 12438000.0,
        "EBITDA": 91704000.0,
        "EBIT": 56765000.0,
        "Net Interest Income": -14485000.0,
        "Interest Expense": 14485000.0,
        "Normalized Income": 25014400.0,
        "Net Income From Continuing And Discontinued Operation": 29641000.0,
        "Total Expenses": 142326000.0,
        "Total Operating Income As Reported": 45161000.0,
        "Diluted Average Shares": 160344000.0,
        "Basic Average Shares": 154694000.0,
        "Diluted EPS": 0.15,
        "Basic EPS": 0.19,
        "Diluted NI Availto Com Stockholders": 29641000.0,
        "Net Income Common Stockholders": 29641000.0,
        "Net Income": 29641000.0,
        "Net Income Including Noncontrolling Interests": 29641000.0,
        "Net Income Continuous Operations": 29641000.0,
        "Tax Provision": 12639000.0,
        "Pretax Income": 42280000.0,
        "Other Income Expense": 11604000.0,
        "Other Non Operating Income Expenses": 5004000.0,
        "Special Income Charges": 0.0,
        "Other Special Charges": NaN,
        "Gain On Sale Of Security": 6600000.0,
        "Net Non Operating Interest Income Expense": -14485000.0,
        "Interest Expense Non Operating": 14485000.0,
        "Operating Income": 45161000.0,
        "Operating Expense": 130287000.0,
        "Other Operating Expenses": 54912000.0,
        "Depreciation Amortization Depletion Income Statement": 34939000.0,
        "Depreciation And Amortization In Income Statement": 34939000.0,
        "Selling General And Administration": 40436000.0,
        "General And Administrative Expense": 40436000.0,
        "Other Gand A": 35870000.0,
        "Salaries And Wages": 4566000.0,
        "Gross Profit": 175448000.0,
        "Cost Of Revenue": 12039000.0,
        "Total Revenue": 187487000.0,
        "Operating Revenue": 187487000.0
    },
    "2022-03-31": {
        "Diluted EPS": 0.06,
        "Total Revenue": 170,
        "Gross Profit": 110,
        "Operating Income": 32,
        "EBIT": 69,
        "Net Income": 10
    },
    "2021-12-31": {
        "Diluted EPS": 0.14,
        "Total Revenue": 170,
        "Gross Profit": 106,
        "Operating Income": 37,
        "EBIT": 70,
        "Net Income": 19
    },
    "2021-09-30": {
        "Diluted EPS": 0.14,
        "Total Revenue": 162,
        "Gross Profit": 103,
        "Operating Income": 42,
        "EBIT": 73,
        "Net Income": 27
    },
    "2021-06-30": {
        "Diluted EPS": 0.02,
        "Total Revenue": 129,
        "Gross Profit": 85,
        "Operating Income": 32,
        "EBIT": 60,
        "Net Income": 4
    },
    "2021-03-31": {
        "Diluted EPS": -0.05,
        "Total Revenue": 90,
        "Gross Profit": 58,
        "Operating Income": 2,
        "EBIT": 32,
        "Net Income": -9
    },
    "2020-12-31": {
        "Diluted EPS": 0.01,
        "Total Revenue": 100,
        "Gross Profit": 64,
        "Operating Income": 10,
        "EBIT": 41,
        "Net Income": -14
    },
    "2020-09-30": {
        "Diluted EPS": 0.07,
        "Total Revenue": 97,
        "Gross Profit": 62,
        "Operating Income": 15,
        "EBIT": 46,
        "Net Income": 11
    },
    "2020-06-30": {
        "Diluted EPS": -0.15,
        "Total Revenue": 80,
        "Gross Profit": 43,
        "Operating Income": -7,
        "EBIT": 23,
        "Net Income": -24
    },
    "2020-03-31": {
        "Diluted EPS": 0.04,
        "Total Revenue": 117,
        "Gross Profit": 75,
        "Operating Income": 19,
        "EBIT": 50,
        "Net Income": 22
    },
    "2019-12-31": {
        "Diluted EPS": -0.04,
        "Total Revenue": 112,
        "Gross Profit": 76,
        "Operating Income": 24,
        "EBIT": 55,
        "Net Income": -7
    },
    "2019-09-30": {
        "Diluted EPS": 0.11,
        "Total Revenue": 128,
        "Gross Profit": 87,
        "Operating Income": 37,
        "EBIT": 67,
        "Net Income": 18
    },
    "2019-06-30": {
        "Diluted EPS": 0.02,
        "Total Revenue": 110,
        "Gross Profit": 73,
        "Operating Income": 18,
        "EBIT": 48,
        "Net Income": 4
    },
    "2019-03-31": {
        "Diluted EPS": 0.02,
        "Total Revenue": 98,
        "Gross Profit": 67,
        "Operating Income": 18,
        "EBIT": 49,
        "Net Income": 3
    },
    "2018-12-31": {
        "Diluted EPS": -0.26,
        "Total Revenue": 95,
        "Gross Profit": 64,
        "Operating Income": -15,
        "EBIT": 16,
        "Net Income": -31
    },
    "2018-09-30": {
        "Diluted EPS": 0.09,
        "Total Revenue": 108,
        "Gross Profit": 77,
        "Operating Income": 26,
        "EBIT": 58,
        "Net Income": 7
    },
    "2018-06-30": {
        "Diluted EPS": -0.07,
        "Total Revenue": 98,
        "Gross Profit": 67,
        "Operating Income": 12,
        "EBIT": 42,
        "Net Income": -5
    },
    "2018-03-31": {
        "Diluted EPS": -0.35,
        "Total Revenue": 69,
        "Gross Profit": 45,
        "Operating Income": -7,
        "EBIT": 13,
        "Net Income": -22
    },
    "2017-12-31": {
        "Diluted EPS": 0.31,
        "Total Revenue": NaN,
        "Gross Profit": NaN,
        "Operating Income": -223,
        "EBIT": -223,
        "Net Income": 19
    },
    "2017-09-30": {
        "Diluted EPS": 0.01,
        "Total Revenue": NaN,
        "Gross Profit": NaN,
        "Operating Income": 0,
        "EBIT": 0,
        "Net Income": 0
    },
    "2017-06-30": {
        "Diluted EPS": 0.0,
        "Total Revenue": NaN,
        "Gross Profit": NaN,
        "Operating Income": 0,
        "EBIT": 0,
        "Net Income": 1
    },
    "2017-03-31": {
        "Diluted EPS": 0.0,
        "Total Revenue": NaN,
        "Gross Profit": NaN,
        "Operating Income": 0,
        "EBIT": 0,
        "Net Income": 0
    },
    "2016-12-31": {
        "Diluted EPS": 0.0,
        "Total Revenue": NaN,
        "Gross Profit": NaN,
        "Operating Income": NaN,
        "EBIT": NaN,
        "Net Income": NaN
    },
    "2023-06-30": {
        "Tax Effect Of Unusual Items": -2503512.0,
        "Tax Rate For Calcs": 0.396,
        "Normalized EBITDA": 89811000.0,
        "Total Unusual Items": -6322000.0,
        "Total Unusual Items Excluding Goodwill": -6322000.0,
        "Net Income From Continuing Operation Net Minority Interest": 19108000.0,
        "Reconciled Depreciation": 28996000.0,
        "Reconciled Cost Of Revenue": 10392000.0,
        "EBITDA": 83489000.0,
        "EBIT": 54401000.0,
        "Net Interest Income": -22771000.0,
        "Interest Expense": 22771000.0,
        "Normalized Income": 22926488.0,
        "Net Income From Continuing And Discontinued Operation": 19108000.0,
        "Total Expenses": 148250000.0,
        "Total Operating Income As Reported": 56211000.0,
        "Diluted Average Shares": 152590000.0,
        "Basic Average Shares": 151132000.0,
        "Diluted EPS": 0.13,
        "Basic EPS": 0.13,
        "Diluted NI Availto Com Stockholders": 19108000.0,
        "Net Income Common Stockholders": 19108000.0,
        "Net Income": 19108000.0,
        "Net Income Including Noncontrolling Interests": 19108000.0,
        "Net Income Continuous Operations": 19108000.0,
        "Tax Provision": 12522000.0,
        "Pretax Income": 31630000.0,
        "Other Income Expense": -1810000.0,
        "Other Non Operating Income Expenses": 4512000.0,
        "Special Income Charges": -209000.0,
        "Other Special Charges": 209000.0,
        "Gain On Sale Of Security": -6113000.0,
        "Net Non Operating Interest Income Expense": -22771000.0,
        "Interest Expense Non Operating": 22771000.0,
        "Operating Income": 56211000.0,
        "Operating Expense": 137950000.0,
        "Other Operating Expenses": 65657000.0,
        "Depreciation Amortization Depletion Income Statement": 29088000.0,
        "Depreciation And Amortization In Income Statement": 29088000.0,
        "Selling General And Administration": 43205000.0,
        "General And Administrative Expense": 43205000.0,
        "Other Gand A": 43205000.0,
        "Salaries And Wages": 4525000.0,
        "Gross Profit": 194161000.0,
        "Cost Of Revenue": 10300000.0,
        "Total Revenue": 204461000.0,
        "Operating Revenue": 204461000.0
    },
    "2023-09-30": {
        "Tax Effect Of Unusual Items": -407550.0,
        "Tax Rate For Calcs": 0.275,
        "Normalized EBITDA": 91268000.0,
        "Total Unusual Items": -1482000.0,
        "Total Unusual Items Excluding Goodwill": -1482000.0,
        "Net Income From Continuing Operation Net Minority Interest": 30308000.0,
        "Reconciled Depreciation": 27530000.0,
        "Reconciled Cost Of Revenue": 12081000.0,
        "EBITDA": 89786000.0,
        "EBIT": 62189000.0,
        "Net Interest Income": -20384000.0,
        "Interest Expense": 20384000.0,
        "Normalized Income": 31382450.0,
        "Net Income From Continuing And Discontinued Operation": 30308000.0,
        "Total Expenses": 150760000.0,
        "Total Operating Income As Reported": 59173000.0,
        "Diluted Average Shares": 169497000.0,
        "Basic Average Shares": 168089000.0,
        "Diluted EPS": 0.18,
        "Basic EPS": 0.18,
        "Diluted NI Availto Com Stockholders": 30308000.0,
        "Net Income Common Stockholders": 30308000.0,
        "Net Income": 30308000.0,
        "Net Income Including Noncontrolling Interests": 30308000.0,
        "Net Income Continuous Operations": 30308000.0,
        "Tax Provision": 11497000.0,
        "Pretax Income": 41805000.0,
        "Other Income Expense": 3016000.0,
        "Other Non Operating Income Expenses": 4498000.0,
        "Special Income Charges": -1975000.0,
        "Other Special Charges": 1975000.0,
        "Gain On Sale Of Security": 493000.0,
        "Net Non Operating Interest Income Expense": -20384000.0,
        "Interest Expense Non Operating": 20384000.0,
        "Operating Income": 59173000.0,
        "Operating Expense": 138746000.0,
        "Other Operating Expenses": 68873000.0,
        "Depreciation Amortization Depletion Income Statement": 27597000.0,
        "Depreciation And Amortization In Income Statement": 27597000.0,
        "Selling General And Administration": 42276000.0,
        "General And Administrative Expense": NaN,
        "Other Gand A": NaN,
        "Salaries And Wages": NaN,
        "Gross Profit": 197919000.0,
        "Cost Of Revenue": 12014000.0,
        "Total Revenue": 209933000.0,
        "Operating Revenue": 209933000.0
    },
    "2023-12-31": {
        "Tax Effect Of Unusual Items": -580440.0,
        "Tax Rate For Calcs": 0.21,
        "Normalized EBITDA": 50995000.0,
        "Total Unusual Items": -2764000.0,
        "Total Unusual Items Excluding Goodwill": -2764000.0,
        "Net Income From Continuing Operation Net Minority Interest": 3022000.0,
        "Reconciled Depreciation": 26232000.0,
        "Reconciled Cost Of Revenue": 11481000.0,
        "EBITDA": 48231000.0,
        "EBIT": 21999000.0,
        "Net Interest Income": -20859000.0,
        "Interest Expense": 20859000.0,
        "Normalized Income": 5205560.0,
        "Net Income From Continuing And Discontinued Operation": 3022000.0,
        "Total Expenses": 187684000.0,
        "Total Operating Income As Reported": 23329000.0,
        "Diluted Average Shares": NaN,
        "Basic Average Shares": NaN,
        "Diluted EPS": NaN,
        "Basic EPS": NaN,
        "Diluted NI Availto Com Stockholders": 3022000.0,
        "Net Income Common Stockholders": 3022000.0,
        "Net Income": 3022000.0,
        "Net Income Including Noncontrolling Interests": 3022000.0,
        "Net Income Continuous Operations": 3022000.0,
        "Tax Provision": -1882000.0,
        "Pretax Income": 1140000.0,
        "Other Income Expense": -1330000.0,
        "Other Non Operating Income Expenses": 1434000.0,
        "Special Income Charges": 0.0,
        "Other Special Charges": 0.0,
        "Gain On Sale Of Security": -2764000.0,
        "Net Non Operating Interest Income Expense": -20859000.0,
        "Interest Expense Non Operating": 20859000.0,
        "Operating Income": 23329000.0,
        "Operating Expense": 176148000.0,
        "Other Operating Expenses": 76915000.0,
        "Depreciation Amortization Depletion Income Statement": 26177000.0,
        "Depreciation And Amortization In Income Statement": 26177000.0,
        "Selling General And Administration": 73056000.0,
        "General And Administrative Expense": NaN,
        "Other Gand A": NaN,
        "Salaries And Wages": NaN,
        "Gross Profit": 199477000.0,
        "Cost Of Revenue": 11536000.0,
        "Total Revenue": 211013000.0,
        "Operating Revenue": 211013000.0
    },
    "2024-03-31": {
        "Tax Effect Of Unusual Items": -50148.0,
        "Tax Rate For Calcs": 0.252,
        "Normalized EBITDA": 85781000.0,
        "Total Unusual Items": -199000.0,
        "Total Unusual Items Excluding Goodwill": -199000.0,
        "Net Income From Continuing Operation Net Minority Interest": 29149000.0,
        "Reconciled Depreciation": 26886000.0,
        "Reconciled Cost Of Revenue": 9680000.0,
        "EBITDA": 85582000.0,
        "EBIT": 58607000.0,
        "Net Interest Income": -19635000.0,
        "Interest Expense": 19635000.0,
        "Normalized Income": 29297852.0,
        "Net Income From Continuing And Discontinued Operation": 29149000.0,
        "Total Expenses": 155377000.0,
        "Total Operating Income As Reported": 54353000.0,
        "Diluted Average Shares": 168726000.0,
        "Basic Average Shares": 166241000.0,
        "Diluted EPS": 0.17,
        "Basic EPS": 0.18,
        "Diluted NI Availto Com Stockholders": 29149000.0,
        "Net Income Common Stockholders": 29149000.0,
        "Net Income": 29149000.0,
        "Net Income Including Noncontrolling Interests": 29149000.0,
        "Net Income Continuous Operations": 29149000.0,
        "Tax Provision": 9823000.0,
        "Pretax Income": 38972000.0,
        "Other Income Expense": 4254000.0,
        "Other Non Operating Income Expenses": 4453000.0,
        "Special Income Charges": -595000.0,
        "Other Special Charges": 595000.0,
        "Gain On Sale Of Security": 396000.0,
        "Net Non Operating Interest Income Expense": -19635000.0,
        "Interest Expense Non Operating": 19635000.0,
        "Operating Income": 54353000.0,
        "Operating Expense": 145786000.0,
        "Other Operating Expenses": 70640000.0,
        "Depreciation Amortization Depletion Income Statement": 26975000.0,
        "Depreciation And Amortization In Income Statement": 26975000.0,
        "Selling General And Administration": 48171000.0,
        "General And Administrative Expense": NaN,
        "Other Gand A": NaN,
        "Salaries And Wages": NaN,
        "Gross Profit": 200139000.0,
        "Cost Of Revenue": 9591000.0,
        "Total Revenue": 209730000.0,
        "Operating Revenue": 209730000.0
    }
}