{
    "2023-06-30": {
        "Tax Effect Of Unusual Items": 1083565.587734,
        "Tax Rate For Calcs": 0.265515,
        "Normalized EBITDA": 99251000.0,
        "Total Unusual Items": 4081000.0,
        "Total Unusual Items Excluding Goodwill": 4081000.0,
        "Net Income From Continuing Operation Net Minority Interest": 30257000.0,
        "Reconciled Depreciation": 17166000.0,
        "Reconciled Cost Of Revenue": 104821000.0,
        "EBITDA": 103332000.0,
        "EBIT": 86039000.0,
        "Net Interest Income": 5610000.0,
        "Interest Expense": 44949000.0,
        "Interest Income": 50559000.0,
        "Normalized Income": 27259565.587734,
        "Net Income From Continuing And Discontinued Operation": 30257000.0,
        "Total Expenses": 180105000.0,
        "Total Operating Income As Reported": 39046000.0,
        "Diluted Average Shares": 7385000.0,
        "Basic Average Shares": 7308000.0,
        "Diluted EPS": 4.1,
        "Basic EPS": 4.14,
        "Diluted NI Availto Com Stockholders": 30257000.0,
        "Net Income Common Stockholders": 30257000.0,
        "Net Income": 30257000.0,
        "Minority Interests": 77000.0,
        "Net Income Including Noncontrolling Interests": 30180000.0,
        "Net Income Continuous Operations": 30180000.0,
        "Tax Provision": 10910000.0,
        "Pretax Income": 41090000.0,
        "Other Income Expense": 3234000.0,
        "Other Non Operating Income Expenses": -847000.0,
        "Special Income Charges": 6800000.0,
        "Restructuring And Mergern Acquisition": -6800000.0,
        "Gain On Sale Of Security": -2719000.0,
        "Net Non Operating Interest Income Expense": 5610000.0,
        "Interest Expense Non Operating": 44949000.0,
        "Interest Income Non Operating": 50559000.0,
        "Operating Income": 32246000.0,
        "Operating Expense": 75411000.0,
        "Other Operating Expenses": 32658000.0,
        "Depreciation Amortization Depletion Income Statement": 17293000.0,
        "Depreciation And Amortization In Income Statement": 17293000.0,
        "Amortization": 15808000.0,
        "Amortization Of Intangibles Income Statement": 15808000.0,
        "Depreciation Income Statement": 1485000.0,
        "Selling General And Administration": 25460000.0,
        "Selling And Marketing Expense": 25460000.0,
        "Gross Profit": 107657000.0,
        "Cost Of Revenue": 104694000.0,
        "Total Revenue": 212351000.0,
        "Operating Revenue": 212351000.0
    },
    "2023-03-31": {
        "Tax Effect Of Unusual Items": 1057306.279703,
        "Tax Rate For Calcs": 0.20078,
        "Normalized EBITDA": 94698000.0,
        "Total Unusual Items": 5266000.0,
        "Total Unusual Items Excluding Goodwill": 5266000.0,
        "Net Income From Continuing Operation Net Minority Interest": 38624000.0,
        "Reconciled Depreciation": 16410000.0,
        "Reconciled Cost Of Revenue": 97740000.0,
        "EBITDA": 99964000.0,
        "EBIT": 83554000.0,
        "Net Interest Income": 9844000.0,
        "Interest Expense": 40208000.0,
        "Interest Income": 50052000.0,
        "Normalized Income": 34415306.279703,
        "Net Income From Continuing And Discontinued Operation": 38624000.0,
        "Total Expenses": 168411000.0,
        "Total Operating Income As Reported": 28579000.0,
        "Diluted Average Shares": 7410000.0,
        "Basic Average Shares": 7245000.0,
        "Diluted EPS": 5.21,
        "Basic EPS": 5.33,
        "Diluted NI Availto Com Stockholders": 38624000.0,
        "Net Income Common Stockholders": 38624000.0,
        "Net Income": 38624000.0,
        "Minority Interests": 3981000.0,
        "Net Income Including Noncontrolling Interests": 34643000.0,
        "Net Income Continuous Operations": 34643000.0,
        "Tax Provision": 8703000.0,
        "Pretax Income": 43346000.0,
        "Other Income Expense": 4923000.0,
        "Other Non Operating Income Expenses": -343000.0,
        "Special Income Charges": 0.0,
        "Restructuring And Mergern Acquisition": 0.0,
        "Gain On Sale Of Security": 5266000.0,
        "Net Non Operating Interest Income Expense": 9844000.0,
        "Interest Expense Non Operating": 40208000.0,
        "Interest Income Non Operating": 50052000.0,
        "Operating Income": 28579000.0,
        "Operating Expense": 69797000.0,
        "Other Operating Expenses": 30546000.0,
        "Depreciation Amortization Depletion Income Statement": 15536000.0,
        "Depreciation And Amortization In Income Statement": 15536000.0,
        "Amortization": 14391000.0,
        "Amortization Of Intangibles Income Statement": 14391000.0,
        "Depreciation Income Statement": 1145000.0,
        "Selling General And Administration": 23715000.0,
        "Selling And Marketing Expense": 23715000.0,
        "Gross Profit": 98376000.0,
        "Cost Of Revenue": 98614000.0,
        "Total Revenue": 196990000.0,
        "Operating Revenue": 196990000.0
    },
    "2022-12-31": {
        "Tax Effect Of Unusual Items": 868266.523539,
        "Tax Rate For Calcs": 0.339697,
        "Normalized EBITDA": 90528000.0,
        "Total Unusual Items": 2556000.0,
        "Total Unusual Items Excluding Goodwill": 2556000.0,
        "Net Income From Continuing Operation Net Minority Interest": 35400000.0,
        "Reconciled Depreciation": 16072000.0,
        "Reconciled Cost Of Revenue": 87301000.0,
        "EBITDA": 93084000.0,
        "EBIT": 77012000.0,
        "Net Interest Income": 581000.0,
        "Interest Expense": 37886000.0,
        "Interest Income": 38467000.0,
        "Normalized Income": 33712266.523539,
        "Net Income From Continuing And Discontinued Operation": 35400000.0,
        "Total Expenses": 160886000.0,
        "Total Operating Income As Reported": 31221000.0,
        "Diluted Average Shares": 7419000.0,
        "Basic Average Shares": 7262000.0,
        "Diluted EPS": 4.77,
        "Basic EPS": 4.87,
        "Diluted NI Availto Com Stockholders": 35400000.0,
        "Net Income Common Stockholders": 35400000.0,
        "Net Income": 35400000.0,
        "Minority Interests": 9565000.0,
        "Net Income Including Noncontrolling Interests": 25835000.0,
        "Net Income Continuous Operations": 25835000.0,
        "Tax Provision": 13291000.0,
        "Pretax Income": 39126000.0,
        "Other Income Expense": 2204000.0,
        "Other Non Operating Income Expenses": -352000.0,
        "Special Income Charges": -5120000.0,
        "Restructuring And Mergern Acquisition": 5120000.0,
        "Gain On Sale Of Security": 7676000.0,
        "Net Non Operating Interest Income Expense": 581000.0,
        "Interest Expense Non Operating": 37886000.0,
        "Interest Income Non Operating": 38467000.0,
        "Operating Income": 36341000.0,
        "Operating Expense": 73210000.0,
        "Other Operating Expenses": 33148000.0,
        "Depreciation Amortization Depletion Income Statement": 15697000.0,
        "Depreciation And Amortization In Income Statement": 15697000.0,
        "Amortization": 14609000.0,
        "Amortization Of Intangibles Income Statement": 14609000.0,
        "Depreciation Income Statement": 1088000.0,
        "Selling General And Administration": 24365000.0,
        "Selling And Marketing Expense": 24365000.0,
        "Gross Profit": 109551000.0,
        "Cost Of Revenue": 87676000.0,
        "Total Revenue": 197227000.0,
        "Operating Revenue": 197227000.0
    },
    "2022-09-30": {
        "Tax Effect Of Unusual Items": -4215336.0,
        "Tax Rate For Calcs": 0.282,
        "Normalized EBITDA": 92577000.0,
        "Total Unusual Items": -14948000.0,
        "Total Unusual Items Excluding Goodwill": -14948000.0,
        "Net Income From Continuing Operation Net Minority Interest": 31680000.0,
        "Reconciled Depreciation": 15547000.0,
        "Reconciled Cost Of Revenue": 88230000.0,
        "EBITDA": 77629000.0,
        "EBIT": 62082000.0,
        "Net Interest Income": 5744000.0,
        "Interest Expense": 23913000.0,
        "Interest Income": 29657000.0,
        "Normalized Income": 42412664.0,
        "Net Income From Continuing And Discontinued Operation": 31680000.0,
        "Total Expenses": 161127000.0,
        "Total Operating Income As Reported": 44017000.0,
        "Diluted Average Shares": 7463000.0,
        "Basic Average Shares": 7308000.0,
        "Diluted EPS": 4.25,
        "Basic EPS": 4.33,
        "Diluted NI Availto Com Stockholders": 31680000.0,
        "Net Income Common Stockholders": 31680000.0,
        "Net Income": 31680000.0,
        "Minority Interests": 4265000.0,
        "Net Income Including Noncontrolling Interests": 27415000.0,
        "Net Income Continuous Operations": 27415000.0,
        "Tax Provision": 10754000.0,
        "Pretax Income": 38169000.0,
        "Other Income Expense": -15607000.0,
        "Other Non Operating Income Expenses": -659000.0,
        "Special Income Charges": -4015000.0,
        "Restructuring And Mergern Acquisition": 4015000.0,
        "Gain On Sale Of Security": -10933000.0,
        "Net Non Operating Interest Income Expense": 5744000.0,
        "Interest Expense Non Operating": 23913000.0,
        "Interest Income Non Operating": 29657000.0,
        "Operating Income": 48032000.0,
        "Operating Expense": 72897000.0,
        "Other Operating Expenses": 30532000.0,
        "Depreciation Amortization Depletion Income Statement": 15547000.0,
        "Depreciation And Amortization In Income Statement": 15547000.0,
        "Amortization": 14609000.0,
        "Amortization Of Intangibles Income Statement": 14609000.0,
        "Depreciation Income Statement": 938000.0,
        "Selling General And Administration": 26818000.0,
        "Selling And Marketing Expense": 26818000.0,
        "Gross Profit": 120929000.0,
        "Cost Of Revenue": 88230000.0,
        "Total Revenue": 209159000.0,
        "Operating Revenue": 209159000.0
    },
    "2022-06-30": {
        "Tax Effect Of Unusual Items": -14040800.0,
        "Tax Rate For Calcs": 0.4,
        "Normalized EBITDA": 98668000.0,
        "Total Unusual Items": -35102000.0,
        "Total Unusual Items Excluding Goodwill": -35102000.0,
        "Net Income From Continuing Operation Net Minority Interest": 17402000.0,
        "Reconciled Depreciation": 15586000.0,
        "Reconciled Cost Of Revenue": 89360000.0,
        "EBITDA": 63566000.0,
        "EBIT": 47980000.0,
        "Net Interest Income": 5700000.0,
        "Interest Expense": 17241000.0,
        "Interest Income": 22941000.0,
        "Normalized Income": 38463200.0,
        "Net Income From Continuing And Discontinued Operation": 17402000.0,
        "Total Expenses": 164595000.0,
        "Total Operating Income As Reported": 56670000.0,
        "Diluted Average Shares": 7607000.0,
        "Basic Average Shares": 7449000.0,
        "Diluted EPS": 2.29,
        "Basic EPS": 2.34,
        "Diluted NI Availto Com Stockholders": 17402000.0,
        "Net Income Common Stockholders": 17402000.0,
        "Net Income": 17402000.0,
        "Minority Interests": 3143000.0,
        "Net Income Including Noncontrolling Interests": 14259000.0,
        "Net Income Continuous Operations": 14259000.0,
        "Tax Provision": 16480000.0,
        "Pretax Income": 30739000.0,
        "Other Income Expense": -34531000.0,
        "Other Non Operating Income Expenses": 571000.0,
        "Special Income Charges": -2900000.0,
        "Restructuring And Mergern Acquisition": 2900000.0,
        "Gain On Sale Of Security": -32202000.0,
        "Net Non Operating Interest Income Expense": 5700000.0,
        "Interest Expense Non Operating": 17241000.0,
        "Interest Income Non Operating": 22941000.0,
        "Operating Income": 59570000.0,
        "Operating Expense": 75235000.0,
        "Other Operating Expenses": 31066000.0,
        "Depreciation Amortization Depletion Income Statement": 15586000.0,
        "Depreciation And Amortization In Income Statement": 15586000.0,
        "Amortization": 14624000.0,
        "Amortization Of Intangibles Income Statement": 14624000.0,
        "Depreciation Income Statement": 962000.0,
        "Selling General And Administration": 28583000.0,
        "Selling And Marketing Expense": 28583000.0,
        "Gross Profit": 134805000.0,
        "Cost Of Revenue": 89360000.0,
        "Total Revenue": 224165000.0,
        "Operating Revenue": 224165000.0
    },
    "2022-03-31": {
        "Diluted EPS": 4.22,
        "Total Revenue": 252,
        "Gross Profit": 252,
        "Operating Income": 66,
        "EBIT": 82,
        "Net Income": 33
    },
    "2021-12-31": {
        "Diluted EPS": 6.25,
        "Total Revenue": 266,
        "Gross Profit": 266,
        "Operating Income": 84,
        "EBIT": 100,
        "Net Income": 50
    },
    "2021-09-30": {
        "Diluted EPS": 7.36,
        "Total Revenue": 252,
        "Gross Profit": 252,
        "Operating Income": 93,
        "EBIT": 106,
        "Net Income": 59
    },
    "2021-06-30": {
        "Diluted EPS": 7.86,
        "Total Revenue": 244,
        "Gross Profit": 244,
        "Operating Income": 86,
        "EBIT": 99,
        "Net Income": 63
    },
    "2021-03-31": {
        "Diluted EPS": 4.54,
        "Total Revenue": 217,
        "Gross Profit": 217,
        "Operating Income": 62,
        "EBIT": 74,
        "Net Income": 37
    },
    "2020-12-31": {
        "Diluted EPS": 5.46,
        "Total Revenue": 172,
        "Gross Profit": 172,
        "Operating Income": 51,
        "EBIT": 56,
        "Net Income": 43
    },
    "2020-09-30": {
        "Diluted EPS": 3.71,
        "Total Revenue": 155,
        "Gross Profit": 155,
        "Operating Income": 41,
        "EBIT": 63,
        "Net Income": 30
    },
    "2020-06-30": {
        "Diluted EPS": 1.43,
        "Total Revenue": 133,
        "Gross Profit": 133,
        "Operating Income": 27,
        "EBIT": 38,
        "Net Income": 11
    },
    "2020-03-31": {
        "Diluted EPS": -0.58,
        "Total Revenue": 145,
        "Gross Profit": 145,
        "Operating Income": 25,
        "EBIT": 36,
        "Net Income": -4
    },
    "2019-12-31": {
        "Diluted EPS": 2.92,
        "Total Revenue": 146,
        "Gross Profit": 146,
        "Operating Income": 38,
        "EBIT": 48,
        "Net Income": 21
    },
    "2019-09-30": {
        "Diluted EPS": 2.95,
        "Total Revenue": 146,
        "Gross Profit": 146,
        "Operating Income": 36,
        "EBIT": 46,
        "Net Income": 22
    },
    "2019-06-30": {
        "Diluted EPS": 3.26,
        "Total Revenue": 140,
        "Gross Profit": 140,
        "Operating Income": 30,
        "EBIT": 41,
        "Net Income": 25
    },
    "2019-03-31": {
        "Diluted EPS": 2.61,
        "Total Revenue": 131,
        "Gross Profit": 131,
        "Operating Income": 21,
        "EBIT": 32,
        "Net Income": 20
    },
    "2018-12-31": {
        "Diluted EPS": 0.15,
        "Total Revenue": 138,
        "Gross Profit": 138,
        "Operating Income": 29,
        "EBIT": 41,
        "Net Income": 0
    },
    "2018-09-30": {
        "Diluted EPS": 3.19,
        "Total Revenue": 152,
        "Gross Profit": 152,
        "Operating Income": 34,
        "EBIT": 45,
        "Net Income": 25
    },
    "2018-06-30": {
        "Diluted EPS": 2.75,
        "Total Revenue": 133,
        "Gross Profit": 133,
        "Operating Income": 27,
        "EBIT": 35,
        "Net Income": 21
    },
    "2018-03-31": {
        "Diluted EPS": 2.77,
        "Total Revenue": 129,
        "Gross Profit": 129,
        "Operating Income": 23,
        "EBIT": 30,
        "Net Income": 21
    },
    "2017-12-31": {
        "Diluted EPS": 0.47,
        "Total Revenue": 128,
        "Gross Profit": 128,
        "Operating Income": 28,
        "EBIT": 35,
        "Net Income": 3
    },
    "2017-09-30": {
        "Diluted EPS": 2.21,
        "Total Revenue": 124,
        "Gross Profit": 124,
        "Operating Income": 17,
        "EBIT": 29,
        "Net Income": 17
    },
    "2017-06-30": {
        "Diluted EPS": -0.34,
        "Total Revenue": 94,
        "Gross Profit": 94,
        "Operating Income": 3,
        "EBIT": 8,
        "Net Income": -2
    },
    "2017-03-31": {
        "Diluted EPS": 1.62,
        "Total Revenue": 80,
        "Gross Profit": 80,
        "Operating Income": 10,
        "EBIT": 12,
        "Net Income": 11
    },
    "2016-12-31": {
        "Diluted EPS": 1.79,
        "Total Revenue": 80,
        "Gross Profit": 80,
        "Operating Income": 13,
        "EBIT": 15,
        "Net Income": 12
    },
    "2016-09-30": {
        "Diluted EPS": 1.99,
        "Total Revenue": 82,
        "Gross Profit": 82,
        "Operating Income": 17,
        "EBIT": 18,
        "Net Income": 16
    },
    "2016-06-30": {
        "Diluted EPS": 0.97,
        "Total Revenue": 80,
        "Gross Profit": 80,
        "Operating Income": 9,
        "EBIT": 15,
        "Net Income": 8
    },
    "2016-03-31": {
        "Diluted EPS": 1.45,
        "Total Revenue": 80,
        "Gross Profit": 80,
        "Operating Income": 13,
        "EBIT": 15,
        "Net Income": 12
    },
    "2015-12-31": {
        "Diluted EPS": 0.8,
        "Total Revenue": 86,
        "Gross Profit": 86,
        "Operating Income": 17,
        "EBIT": 19,
        "Net Income": 7
    },
    "2015-09-30": {
        "Diluted EPS": -0.07,
        "Total Revenue": 92,
        "Gross Profit": 92,
        "Operating Income": 23,
        "EBIT": 26,
        "Net Income": -1
    },
    "2015-06-30": {
        "Diluted EPS": 1.08,
        "Total Revenue": 100,
        "Gross Profit": 100,
        "Operating Income": 16,
        "EBIT": 20,
        "Net Income": 10
    },
    "2015-03-31": {
        "Diluted EPS": 2.11,
        "Total Revenue": 104,
        "Gross Profit": 104,
        "Operating Income": 25,
        "EBIT": 29,
        "Net Income": 19
    },
    "2014-12-31": {
        "Diluted EPS": 2.05,
        "Total Revenue": 112,
        "Gross Profit": 112,
        "Operating Income": 37,
        "EBIT": 42,
        "Net Income": 19
    },
    "2014-09-30": {
        "Diluted EPS": 4.02,
        "Total Revenue": 118,
        "Gross Profit": 118,
        "Operating Income": 39,
        "EBIT": 45,
        "Net Income": 37
    },
    "2014-06-30": {
        "Diluted EPS": 2.1,
        "Total Revenue": 113,
        "Gross Profit": 113,
        "Operating Income": 23,
        "EBIT": 29,
        "Net Income": 20
    },
    "2014-03-31": {
        "Diluted EPS": 2.34,
        "Total Revenue": 108,
        "Gross Profit": 108,
        "Operating Income": 33,
        "EBIT": 39,
        "Net Income": 22
    },
    "2013-12-31": {
        "Diluted EPS": 2.72,
        "Total Revenue": 106,
        "Gross Profit": 106,
        "Operating Income": 34,
        "EBIT": 40,
        "Net Income": 25
    },
    "2013-09-30": {
        "Diluted EPS": 2.56,
        "Total Revenue": 100,
        "Gross Profit": 100,
        "Operating Income": 32,
        "EBIT": 37,
        "Net Income": 21
    },
    "2013-06-30": {
        "Diluted EPS": 1.91,
        "Total Revenue": 96,
        "Gross Profit": 96,
        "Operating Income": 27,
        "EBIT": 32,
        "Net Income": 15
    },
    "2013-03-31": {
        "Diluted EPS": 1.73,
        "Total Revenue": 86,
        "Gross Profit": 86,
        "Operating Income": 21,
        "EBIT": 26,
        "Net Income": 14
    },
    "2012-12-31": {
        "Diluted EPS": 1.51,
        "Total Revenue": 79,
        "Gross Profit": 79,
        "Operating Income": 20,
        "EBIT": 25,
        "Net Income": 12
    },
    "2012-09-30": {
        "Diluted EPS": 1.43,
        "Total Revenue": 72,
        "Gross Profit": 72,
        "Operating Income": 18,
        "EBIT": 22,
        "Net Income": 12
    },
    "2012-06-30": {
        "Diluted EPS": 1.04,
        "Total Revenue": 67,
        "Gross Profit": 67,
        "Operating Income": 14,
        "EBIT": 18,
        "Net Income": 8
    },
    "2012-03-31": {
        "Diluted EPS": 0.68,
        "Total Revenue": 62,
        "Gross Profit": 62,
        "Operating Income": 8,
        "EBIT": 12,
        "Net Income": 5
    },
    "2011-12-31": {
        "Diluted EPS": 16.17,
        "Total Revenue": 56,
        "Gross Profit": 56,
        "Operating Income": 8,
        "EBIT": 12,
        "Net Income": 110
    },
    "2011-09-30": {
        "Diluted EPS": -0.56,
        "Total Revenue": 55,
        "Gross Profit": 55,
        "Operating Income": -2,
        "EBIT": 2,
        "Net Income": -3
    },
    "2011-06-30": {
        "Diluted EPS": 0.3,
        "Total Revenue": 49,
        "Gross Profit": 49,
        "Operating Income": 3,
        "EBIT": 7,
        "Net Income": 2
    },
    "2011-03-31": {
        "Diluted EPS": 0.43,
        "Total Revenue": 44,
        "Gross Profit": 44,
        "Operating Income": 4,
        "EBIT": 8,
        "Net Income": 3
    },
    "2010-12-31": {
        "Diluted EPS": 0.5,
        "Total Revenue": 41,
        "Gross Profit": 41,
        "Operating Income": 4,
        "EBIT": 7,
        "Net Income": 3
    },
    "2010-09-30": {
        "Diluted EPS": 0.37,
        "Total Revenue": 36,
        "Gross Profit": 36,
        "Operating Income": 3,
        "EBIT": 6,
        "Net Income": 2
    },
    "2010-06-30": {
        "Diluted EPS": -0.08,
        "Total Revenue": 35,
        "Gross Profit": 35,
        "Operating Income": 1,
        "EBIT": 4,
        "Net Income": 0
    },
    "2010-03-31": {
        "Diluted EPS": 0.02,
        "Total Revenue": 33,
        "Gross Profit": 33,
        "Operating Income": 1,
        "EBIT": 4,
        "Net Income": 0
    },
    "2009-12-31": {
        "Diluted EPS": 0.1,
        "Total Revenue": 33,
        "Gross Profit": 33,
        "Operating Income": 1,
        "EBIT": 4,
        "Net Income": 1
    },
    "2009-09-30": {
        "Diluted EPS": -0.14,
        "Total Revenue": 30,
        "Gross Profit": 30,
        "Operating Income": -1,
        "EBIT": 2,
        "Net Income": -1
    },
    "2009-06-30": {
        "Diluted EPS": -0.54,
        "Total Revenue": 27,
        "Gross Profit": 27,
        "Operating Income": -3,
        "EBIT": 0,
        "Net Income": -3
    },
    "2009-03-31": {
        "Diluted EPS": -1.18,
        "Total Revenue": 26,
        "Gross Profit": 26,
        "Operating Income": -4,
        "EBIT": -1,
        "Net Income": -7
    },
    "2023-09-30": {
        "Tax Effect Of Unusual Items": -876518.962948,
        "Tax Rate For Calcs": 0.241999,
        "Normalized EBITDA": 116199000.0,
        "Total Unusual Items": -3622000.0,
        "Total Unusual Items Excluding Goodwill": -3622000.0,
        "Net Income From Continuing Operation Net Minority Interest": 30906000.0,
        "Reconciled Depreciation": 17802000.0,
        "Reconciled Cost Of Revenue": 100671000.0,
        "EBITDA": 112577000.0,
        "EBIT": 94775000.0,
        "Net Interest Income": 8235000.0,
        "Interest Expense": 44440000.0,
        "Interest Income": 52675000.0,
        "Normalized Income": 33651481.037052,
        "Net Income From Continuing And Discontinued Operation": 30906000.0,
        "Total Expenses": 172677000.0,
        "Total Operating Income As Reported": 44903000.0,
        "Diluted Average Shares": 7379000.0,
        "Basic Average Shares": 7258000.0,
        "Diluted EPS": 4.19,
        "Basic EPS": 4.26,
        "Diluted NI Availto Com Stockholders": 30906000.0,
        "Net Income Common Stockholders": 30906000.0,
        "Net Income": 30906000.0,
        "Minority Interests": -7248000.0,
        "Net Income Including Noncontrolling Interests": 38154000.0,
        "Net Income Continuous Operations": 38154000.0,
        "Tax Provision": 12181000.0,
        "Pretax Income": 50335000.0,
        "Other Income Expense": -3494000.0,
        "Other Non Operating Income Expenses": 128000.0,
        "Special Income Charges": -691000.0,
        "Restructuring And Mergern Acquisition": 691000.0,
        "Gain On Sale Of Security": -2931000.0,
        "Net Non Operating Interest Income Expense": 8235000.0,
        "Interest Expense Non Operating": 44440000.0,
        "Interest Income Non Operating": 52675000.0,
        "Operating Income": 45594000.0,
        "Operating Expense": 71090000.0,
        "Other Operating Expenses": 30047000.0,
        "Depreciation Amortization Depletion Income Statement": 16886000.0,
        "Depreciation And Amortization In Income Statement": 16886000.0,
        "Amortization": 15382000.0,
        "Amortization Of Intangibles Income Statement": 15382000.0,
        "Depreciation Income Statement": 1504000.0,
        "Selling General And Administration": 24157000.0,
        "Selling And Marketing Expense": 24157000.0,
        "Gross Profit": 116684000.0,
        "Cost Of Revenue": 101587000.0,
        "Total Revenue": 218271000.0,
        "Operating Revenue": 218271000.0
    },
    "2023-12-31": {
        "Tax Effect Of Unusual Items": 791074.237831,
        "Tax Rate For Calcs": 0.256676,
        "Normalized EBITDA": 115300000.0,
        "Total Unusual Items": 3082000.0,
        "Total Unusual Items Excluding Goodwill": 3082000.0,
        "Net Income From Continuing Operation Net Minority Interest": 30834000.0,
        "Reconciled Depreciation": 17420000.0,
        "Reconciled Cost Of Revenue": 99543000.0,
        "EBITDA": 118382000.0,
        "EBIT": 100962000.0,
        "Net Interest Income": 7710000.0,
        "Interest Expense": 49169000.0,
        "Interest Income": 56879000.0,
        "Normalized Income": 28543074.237831,
        "Net Income From Continuing And Discontinued Operation": 30834000.0,
        "Total Expenses": 173494000.0,
        "Total Operating Income As Reported": 38956000.0,
        "Diluted Average Shares": 7320000.0,
        "Basic Average Shares": 7178000.0,
        "Diluted EPS": 4.21,
        "Basic EPS": 4.3,
        "Diluted NI Availto Com Stockholders": 30834000.0,
        "Net Income Common Stockholders": 30834000.0,
        "Net Income": 30834000.0,
        "Minority Interests": -7665000.0,
        "Net Income Including Noncontrolling Interests": 38499000.0,
        "Net Income Continuous Operations": 38499000.0,
        "Tax Provision": 13294000.0,
        "Pretax Income": 51793000.0,
        "Other Income Expense": 3704000.0,
        "Other Non Operating Income Expenses": 622000.0,
        "Special Income Charges": -1423000.0,
        "Restructuring And Mergern Acquisition": 1423000.0,
        "Gain On Sale Of Security": 4505000.0,
        "Net Non Operating Interest Income Expense": 7710000.0,
        "Interest Expense Non Operating": 49169000.0,
        "Interest Income Non Operating": 56879000.0,
        "Operating Income": 40379000.0,
        "Operating Expense": 73647000.0,
        "Other Operating Expenses": 33061000.0,
        "Depreciation Amortization Depletion Income Statement": 17116000.0,
        "Depreciation And Amortization In Income Statement": 17116000.0,
        "Amortization": 15446000.0,
        "Amortization Of Intangibles Income Statement": 15446000.0,
        "Depreciation Income Statement": 1670000.0,
        "Selling General And Administration": 23470000.0,
        "Selling And Marketing Expense": 23470000.0,
        "Gross Profit": 114026000.0,
        "Cost Of Revenue": 99847000.0,
        "Total Revenue": 213873000.0,
        "Operating Revenue": 213873000.0
    },
    "2024-03-31": {
        "Tax Effect Of Unusual Items": 785557.711251,
        "Tax Rate For Calcs": 0.189109,
        "Normalized EBITDA": 106401000.0,
        "Total Unusual Items": 4154000.0,
        "Total Unusual Items Excluding Goodwill": 4154000.0,
        "Net Income From Continuing Operation Net Minority Interest": 29858000.0,
        "Reconciled Depreciation": 18164000.0,
        "Reconciled Cost Of Revenue": 114362000.0,
        "EBITDA": 110555000.0,
        "EBIT": 92391000.0,
        "Net Interest Income": 8891000.0,
        "Interest Expense": 45693000.0,
        "Interest Income": 54584000.0,
        "Normalized Income": 26489557.711251,
        "Net Income From Continuing And Discontinued Operation": 29858000.0,
        "Total Expenses": 187965000.0,
        "Total Operating Income As Reported": 32306000.0,
        "Diluted Average Shares": 7287000.0,
        "Basic Average Shares": 7119000.0,
        "Diluted EPS": 4.1,
        "Basic EPS": 4.19,
        "Diluted NI Availto Com Stockholders": 29858000.0,
        "Net Income Common Stockholders": 29858000.0,
        "Net Income": 29858000.0,
        "Minority Interests": -8009000.0,
        "Net Income Including Noncontrolling Interests": 37867000.0,
        "Net Income Continuous Operations": 37867000.0,
        "Tax Provision": 8831000.0,
        "Pretax Income": 46698000.0,
        "Other Income Expense": 4704000.0,
        "Other Non Operating Income Expenses": 550000.0,
        "Special Income Charges": -797000.0,
        "Restructuring And Mergern Acquisition": 797000.0,
        "Gain On Sale Of Security": 4951000.0,
        "Net Non Operating Interest Income Expense": 8891000.0,
        "Interest Expense Non Operating": 45693000.0,
        "Interest Income Non Operating": 54584000.0,
        "Operating Income": 33103000.0,
        "Operating Expense": 72802000.0,
        "Other Operating Expenses": 31091000.0,
        "Depreciation Amortization Depletion Income Statement": 17363000.0,
        "Depreciation And Amortization In Income Statement": 17363000.0,
        "Amortization": 15335000.0,
        "Amortization Of Intangibles Income Statement": 15335000.0,
        "Depreciation Income Statement": 2028000.0,
        "Selling General And Administration": 24348000.0,
        "Selling And Marketing Expense": 24348000.0,
        "Gross Profit": 105905000.0,
        "Cost Of Revenue": 115163000.0,
        "Total Revenue": 221068000.0,
        "Operating Revenue": 221068000.0
    },
    "2024-06-30": {
        "Tax Effect Of Unusual Items": -3694850.19857,
        "Tax Rate For Calcs": 0.311041,
        "Normalized EBITDA": 115589000.0,
        "Total Unusual Items": -11879000.0,
        "Total Unusual Items Excluding Goodwill": -11879000.0,
        "Net Income From Continuing Operation Net Minority Interest": 17614000.0,
        "Reconciled Depreciation": 18369000.0,
        "Reconciled Cost Of Revenue": 104766000.0,
        "EBITDA": 103710000.0,
        "EBIT": 85341000.0,
        "Net Interest Income": 7457000.0,
        "Interest Expense": 47571000.0,
        "Interest Income": 55028000.0,
        "Normalized Income": 25798149.80143,
        "Net Income From Continuing And Discontinued Operation": 17614000.0,
        "Total Expenses": 181775000.0,
        "Total Operating Income As Reported": 44205000.0,
        "Diluted Average Shares": 7242000.0,
        "Basic Average Shares": 7127000.0,
        "Diluted EPS": 2.43,
        "Basic EPS": 2.47,
        "Diluted NI Availto Com Stockholders": 17614000.0,
        "Net Income Common Stockholders": 17614000.0,
        "Net Income": 17614000.0,
        "Minority Interests": -8408000.0,
        "Net Income Including Noncontrolling Interests": 26022000.0,
        "Net Income Continuous Operations": 26022000.0,
        "Tax Provision": 11748000.0,
        "Pretax Income": 37770000.0,
        "Other Income Expense": -11282000.0,
        "Other Non Operating Income Expenses": 597000.0,
        "Special Income Charges": 2610000.0,
        "Restructuring And Mergern Acquisition": -2610000.0,
        "Gain On Sale Of Security": -14489000.0,
        "Net Non Operating Interest Income Expense": 7457000.0,
        "Interest Expense Non Operating": 47571000.0,
        "Interest Income Non Operating": 55028000.0,
        "Operating Income": 41595000.0,
        "Operating Expense": 76108000.0,
        "Other Operating Expenses": 34945000.0,
        "Depreciation Amortization Depletion Income Statement": 17468000.0,
        "Depreciation And Amortization In Income Statement": 17468000.0,
        "Amortization": 15198000.0,
        "Amortization Of Intangibles Income Statement": 15198000.0,
        "Depreciation Income Statement": 2270000.0,
        "Selling General And Administration": 23695000.0,
        "Selling And Marketing Expense": 23695000.0,
        "Gross Profit": 117703000.0,
        "Cost Of Revenue": 105667000.0,
        "Total Revenue": 223370000.0,
        "Operating Revenue": 223370000.0
    },
    "2024-09-30": {
        "Tax Effect Of Unusual Items": 833406.696353,
        "Tax Rate For Calcs": 0.243401,
        "Normalized EBITDA": 121665000.0,
        "Total Unusual Items": 3424000.0,
        "Total Unusual Items Excluding Goodwill": 3424000.0,
        "Net Income From Continuing Operation Net Minority Interest": 40980000.0,
        "Reconciled Depreciation": 16318000.0,
        "Reconciled Cost Of Revenue": 104450000.0,
        "EBITDA": 125089000.0,
        "EBIT": 108771000.0,
        "Net Interest Income": 9671000.0,
        "Interest Expense": 43870000.0,
        "Interest Income": 53541000.0,
        "Normalized Income": 38389406.696353,
        "Net Income From Continuing And Discontinued Operation": 40980000.0,
        "Total Expenses": 174712000.0,
        "Total Operating Income As Reported": 55258000.0,
        "Diluted Average Shares": 7176000.0,
        "Basic Average Shares": 7071000.0,
        "Diluted EPS": 5.71,
        "Basic EPS": 5.8,
        "Diluted NI Availto Com Stockholders": 40980000.0,
        "Net Income Common Stockholders": 40980000.0,
        "Net Income": 40980000.0,
        "Minority Interests": -8124000.0,
        "Net Income Including Noncontrolling Interests": 49104000.0,
        "Net Income Continuous Operations": 49104000.0,
        "Tax Provision": 15797000.0,
        "Pretax Income": 64901000.0,
        "Other Income Expense": 3972000.0,
        "Other Non Operating Income Expenses": 548000.0,
        "Special Income Charges": 4000000.0,
        "Restructuring And Mergern Acquisition": -4000000.0,
        "Gain On Sale Of Security": -576000.0,
        "Net Non Operating Interest Income Expense": 9671000.0,
        "Interest Expense Non Operating": 43870000.0,
        "Interest Income Non Operating": 53541000.0,
        "Operating Income": 51258000.0,
        "Operating Expense": 69157000.0,
        "Other Operating Expenses": 29769000.0,
        "Depreciation Amortization Depletion Income Statement": 15213000.0,
        "Depreciation And Amortization In Income Statement": 15213000.0,
        "Amortization": 12883000.0,
        "Amortization Of Intangibles Income Statement": 12883000.0,
        "Depreciation Income Statement": 2330000.0,
        "Selling General And Administration": 24175000.0,
        "Selling And Marketing Expense": 24175000.0,
        "Gross Profit": 120415000.0,
        "Cost Of Revenue": 105555000.0,
        "Total Revenue": 225970000.0,
        "Operating Revenue": 225970000.0
    }
}