{
    "2023-03-31": {
        "Tax Effect Of Unusual Items": -74218000.0,
        "Tax Rate For Calcs": 0.215,
        "Normalized EBITDA": 1286900000.0,
        "Total Unusual Items": -345200000.0,
        "Total Unusual Items Excluding Goodwill": -345200000.0,
        "Net Income From Continuing Operation Net Minority Interest": 699800000.0,
        "Reconciled Depreciation": 38800000.0,
        "Reconciled Cost Of Revenue": 266900000.0,
        "EBITDA": 941700000.0,
        "EBIT": 902900000.0,
        "Net Interest Income": 111200000.0,
        "Interest Expense": 11400000.0,
        "Interest Income": 122600000.0,
        "Normalized Income": 970782000.0,
        "Net Income From Continuing And Discontinued Operation": 699800000.0,
        "Total Expenses": 1250600000.0,
        "Total Operating Income As Reported": 779000000.0,
        "Diluted Average Shares": 260300000.0,
        "Basic Average Shares": 257400000.0,
        "Diluted EPS": 2.69,
        "Basic EPS": 2.72,
        "Diluted NI Availto Com Stockholders": 699800000.0,
        "Net Income Common Stockholders": 699800000.0,
        "Net Income": 699800000.0,
        "Net Income Including Noncontrolling Interests": 699800000.0,
        "Net Income Continuous Operations": 699800000.0,
        "Tax Provision": 191700000.0,
        "Pretax Income": 891500000.0,
        "Other Income Expense": -343900000.0,
        "Other Non Operating Income Expenses": 1300000.0,
        "Special Income Charges": -345200000.0,
        "Other Special Charges": 347100000.0,
        "Restructuring And Mergern Acquisition": -1900000.0,
        "Net Non Operating Interest Income Expense": 111200000.0,
        "Interest Expense Non Operating": 11400000.0,
        "Interest Income Non Operating": 122600000.0,
        "Operating Income": 1124200000.0,
        "Operating Expense": 983700000.0,
        "Research And Development": 742600000.0,
        "Selling General And Administration": 241100000.0,
        "Gross Profit": 2107900000.0,
        "Cost Of Revenue": 266900000.0,
        "Total Revenue": 2374800000.0,
        "Operating Revenue": 2374800000.0
    },
    "2022-12-31": {
        "Tax Effect Of Unusual Items": -5843945.022288,
        "Tax Rate For Calcs": 0.239506,
        "Normalized EBITDA": 1151200000.0,
        "Total Unusual Items": -24400000.0,
        "Total Unusual Items Excluding Goodwill": -24400000.0,
        "Net Income From Continuing Operation Net Minority Interest": 818900000.0,
        "Reconciled Depreciation": 38400000.0,
        "Reconciled Cost Of Revenue": 283300000.0,
        "EBITDA": 1126800000.0,
        "EBIT": 1088400000.0,
        "Net Interest Income": 74400000.0,
        "Interest Expense": 11600000.0,
        "Interest Income": 86000000.0,
        "Normalized Income": 837456054.977712,
        "Net Income From Continuing And Discontinued Operation": 818900000.0,
        "Total Expenses": 1244800000.0,
        "Total Operating Income As Reported": 1033500000.0,
        "Diluted Average Shares": 260300000.0,
        "Basic Average Shares": 256900000.0,
        "Diluted EPS": 3.15,
        "Basic EPS": 3.19,
        "Diluted NI Availto Com Stockholders": 818900000.0,
        "Net Income Common Stockholders": 818900000.0,
        "Net Income": 818900000.0,
        "Net Income Including Noncontrolling Interests": 818900000.0,
        "Net Income Continuous Operations": 818900000.0,
        "Tax Provision": 257900000.0,
        "Pretax Income": 1076800000.0,
        "Other Income Expense": -55500000.0,
        "Other Non Operating Income Expenses": -31100000.0,
        "Special Income Charges": -24400000.0,
        "Other Special Charges": 22600000.0,
        "Restructuring And Mergern Acquisition": 1800000.0,
        "Net Non Operating Interest Income Expense": 74400000.0,
        "Interest Expense Non Operating": 11600000.0,
        "Interest Income Non Operating": 86000000.0,
        "Operating Income": 1057900000.0,
        "Operating Expense": 961500000.0,
        "Research And Development": 694100000.0,
        "Selling General And Administration": 267400000.0,
        "Gross Profit": 2019400000.0,
        "Cost Of Revenue": 283300000.0,
        "Total Revenue": 2302700000.0,
        "Operating Revenue": 2302700000.0
    },
    "2022-09-30": {
        "Tax Effect Of Unusual Items": -5544000.0,
        "Tax Rate For Calcs": 0.21,
        "Normalized EBITDA": 1216500000.0,
        "Total Unusual Items": -26400000.0,
        "Total Unusual Items Excluding Goodwill": -26400000.0,
        "Net Income From Continuing Operation Net Minority Interest": 930500000.0,
        "Reconciled Depreciation": 36700000.0,
        "Reconciled Cost Of Revenue": 289400000.0,
        "EBITDA": 1190100000.0,
        "EBIT": 1190100000.0,
        "Net Interest Income": 32500000.0,
        "Interest Expense": 13700000.0,
        "Interest Income": 46200000.0,
        "Normalized Income": 951356000.0,
        "Net Income From Continuing And Discontinued Operation": 930500000.0,
        "Total Expenses": 1181200000.0,
        "Total Operating Income As Reported": 1126700000.0,
        "Diluted Average Shares": 259500000.0,
        "Basic Average Shares": 256500000.0,
        "Diluted EPS": 3.59,
        "Basic EPS": 3.63,
        "Diluted NI Availto Com Stockholders": 930500000.0,
        "Net Income Common Stockholders": 930500000.0,
        "Net Income": 930500000.0,
        "Net Income Including Noncontrolling Interests": 930500000.0,
        "Net Income Continuous Operations": 930500000.0,
        "Tax Provision": 245900000.0,
        "Pretax Income": 1176400000.0,
        "Other Income Expense": -9200000.0,
        "Other Non Operating Income Expenses": 17200000.0,
        "Special Income Charges": -26400000.0,
        "Other Special Charges": 29000000.0,
        "Restructuring And Mergern Acquisition": -2600000.0,
        "Net Non Operating Interest Income Expense": 32500000.0,
        "Interest Expense Non Operating": 13700000.0,
        "Interest Income Non Operating": 46200000.0,
        "Operating Income": 1153100000.0,
        "Operating Expense": 891800000.0,
        "Research And Development": 645000000.0,
        "Selling General And Administration": 246800000.0,
        "Gross Profit": 2044900000.0,
        "Cost Of Revenue": 289400000.0,
        "Total Revenue": 2334300000.0,
        "Operating Revenue": 2334300000.0
    },
    "2022-06-30": {
        "Tax Effect Of Unusual Items": -2667000.0,
        "Tax Rate For Calcs": 0.21,
        "Normalized EBITDA": 1051700000.0,
        "Total Unusual Items": -12700000.0,
        "Total Unusual Items Excluding Goodwill": -12700000.0,
        "Net Income From Continuing Operation Net Minority Interest": 810500000.0,
        "Reconciled Depreciation": 37300000.0,
        "Reconciled Cost Of Revenue": 261800000.0,
        "EBITDA": 1039000000.0,
        "EBIT": 1039000000.0,
        "Net Interest Income": -3800000.0,
        "Interest Expense": 14600000.0,
        "Interest Income": 10800000.0,
        "Normalized Income": 820533000.0,
        "Net Income From Continuing And Discontinued Operation": 810500000.0,
        "Total Expenses": 1077200000.0,
        "Total Operating Income As Reported": 1106300000.0,
        "Diluted Average Shares": 258700000.0,
        "Basic Average Shares": 255900000.0,
        "Diluted EPS": 3.13,
        "Basic EPS": 3.17,
        "Diluted NI Availto Com Stockholders": 810500000.0,
        "Net Income Common Stockholders": 810500000.0,
        "Net Income": 810500000.0,
        "Net Income Including Noncontrolling Interests": 810500000.0,
        "Net Income Continuous Operations": 810500000.0,
        "Tax Provision": 213900000.0,
        "Pretax Income": 1024400000.0,
        "Other Income Expense": -90800000.0,
        "Other Non Operating Income Expenses": -78100000.0,
        "Special Income Charges": -12700000.0,
        "Other Special Charges": 61900000.0,
        "Restructuring And Mergern Acquisition": -49200000.0,
        "Net Non Operating Interest Income Expense": -3800000.0,
        "Interest Expense Non Operating": 14600000.0,
        "Interest Income Non Operating": 10800000.0,
        "Operating Income": 1119000000.0,
        "Operating Expense": 815400000.0,
        "Research And Development": 600100000.0,
        "Selling General And Administration": 215300000.0,
        "Gross Profit": 1934400000.0,
        "Cost Of Revenue": 261800000.0,
        "Total Revenue": 2196200000.0,
        "Operating Revenue": 2196200000.0
    },
    "2023-06-30": {
        "Tax Effect Of Unusual Items": -23257356.866121,
        "Tax Rate For Calcs": 0.211623,
        "Normalized EBITDA": 1324000000.0,
        "Total Unusual Items": -109900000.0,
        "Total Unusual Items Excluding Goodwill": -109900000.0,
        "Net Income From Continuing Operation Net Minority Interest": 915700000.0,
        "Reconciled Depreciation": 41400000.0,
        "Reconciled Cost Of Revenue": 308600000.0,
        "EBITDA": 1214100000.0,
        "EBIT": 1172700000.0,
        "Net Interest Income": 133500000.0,
        "Interest Expense": 11200000.0,
        "Interest Income": 144700000.0,
        "Normalized Income": 1002342643.133879,
        "Net Income From Continuing And Discontinued Operation": 915700000.0,
        "Total Expenses": 1356900000.0,
        "Total Operating Income As Reported": 1026400000.0,
        "Diluted Average Shares": 260400000.0,
        "Basic Average Shares": 257700000.0,
        "Diluted EPS": 3.52,
        "Basic EPS": 3.55,
        "Diluted NI Availto Com Stockholders": 915700000.0,
        "Net Income Common Stockholders": 915700000.0,
        "Net Income": 915700000.0,
        "Net Income Including Noncontrolling Interests": 915700000.0,
        "Net Income Continuous Operations": 915700000.0,
        "Tax Provision": 245800000.0,
        "Pretax Income": 1161500000.0,
        "Other Income Expense": -108300000.0,
        "Other Non Operating Income Expenses": 1600000.0,
        "Special Income Charges": -109900000.0,
        "Other Special Charges": 110500000.0,
        "Restructuring And Mergern Acquisition": -600000.0,
        "Net Non Operating Interest Income Expense": 133500000.0,
        "Interest Expense Non Operating": 11200000.0,
        "Interest Income Non Operating": 144700000.0,
        "Operating Income": 1136300000.0,
        "Operating Expense": 1048300000.0,
        "Research And Development": 785700000.0,
        "Selling General And Administration": 262600000.0,
        "Gross Profit": 2184600000.0,
        "Cost Of Revenue": 308600000.0,
        "Total Revenue": 2493200000.0,
        "Operating Revenue": 2493200000.0
    },
    "2022-03-31": {
        "Diluted EPS": 2.96,
        "Total Revenue": NaN,
        "Gross Profit": NaN,
        "Operating Income": NaN,
        "EBIT": NaN,
        "Net Income": 762
    },
    "2021-12-31": {
        "Diluted EPS": 2.98,
        "Total Revenue": NaN,
        "Gross Profit": NaN,
        "Operating Income": 878,
        "EBIT": 912,
        "Net Income": 770
    },
    "2021-09-30": {
        "Diluted EPS": 3.28,
        "Total Revenue": NaN,
        "Gross Profit": NaN,
        "Operating Income": NaN,
        "EBIT": NaN,
        "Net Income": 852
    },
    "2021-06-30": {
        "Diluted EPS": 0.26,
        "Total Revenue": NaN,
        "Gross Profit": NaN,
        "Operating Income": -38,
        "EBIT": -7,
        "Net Income": 67
    },
    "2021-03-31": {
        "Diluted EPS": 2.49,
        "Total Revenue": NaN,
        "Gross Profit": NaN,
        "Operating Income": 888,
        "EBIT": 917,
        "Net Income": 653
    },
    "2020-12-31": {
        "Diluted EPS": 2.29,
        "Total Revenue": NaN,
        "Gross Profit": NaN,
        "Operating Income": 746,
        "EBIT": 775,
        "Net Income": 604
    },
    "2020-09-30": {
        "Diluted EPS": 2.53,
        "Total Revenue": NaN,
        "Gross Profit": NaN,
        "Operating Income": 672,
        "EBIT": 699,
        "Net Income": 667
    },
    "2020-06-30": {
        "Diluted EPS": 3.18,
        "Total Revenue": NaN,
        "Gross Profit": NaN,
        "Operating Income": 718,
        "EBIT": 745,
        "Net Income": 837
    },
    "2020-03-31": {
        "Diluted EPS": 2.29,
        "Total Revenue": NaN,
        "Gross Profit": NaN,
        "Operating Income": 720,
        "EBIT": 747,
        "Net Income": 603
    },
    "2019-12-31": {
        "Diluted EPS": 2.23,
        "Total Revenue": NaN,
        "Gross Profit": NaN,
        "Operating Income": 551,
        "EBIT": 578,
        "Net Income": 583
    },
    "2019-09-30": {
        "Diluted EPS": 0.22,
        "Total Revenue": 950,
        "Gross Profit": 818,
        "Operating Income": 99,
        "EBIT": 125,
        "Net Income": 58
    },
    "2019-06-30": {
        "Diluted EPS": 1.03,
        "Total Revenue": 941,
        "Gross Profit": 806,
        "Operating Income": 270,
        "EBIT": 298,
        "Net Income": 267
    },
    "2019-03-31": {
        "Diluted EPS": 1.03,
        "Total Revenue": 858,
        "Gross Profit": 763,
        "Operating Income": 277,
        "EBIT": 304,
        "Net Income": 269
    },
    "2018-12-31": {
        "Diluted EPS": 5.98,
        "Total Revenue": 870,
        "Gross Profit": 748,
        "Operating Income": 128,
        "EBIT": 147,
        "Net Income": NaN
    },
    "2018-09-30": {
        "Diluted EPS": 0.5,
        "Total Revenue": 785,
        "Gross Profit": 673,
        "Operating Income": 206,
        "EBIT": 225,
        "Net Income": 129
    },
    "2018-06-30": {
        "Diluted EPS": 0.8,
        "Total Revenue": 752,
        "Gross Profit": 648,
        "Operating Income": 173,
        "EBIT": 191,
        "Net Income": 207
    },
    "2018-03-31": {
        "Diluted EPS": 0.81,
        "Total Revenue": 641,
        "Gross Profit": 569,
        "Operating Income": 129,
        "EBIT": 145,
        "Net Income": 210
    },
    "2017-12-31": {
        "Diluted EPS": 0.39,
        "Total Revenue": 652,
        "Gross Profit": 568,
        "Operating Income": 126,
        "EBIT": 142,
        "Net Income": 101
    },
    "2017-09-30": {
        "Diluted EPS": -0.41,
        "Total Revenue": 578,
        "Gross Profit": 505,
        "Operating Income": -326,
        "EBIT": -311,
        "Net Income": -103
    },
    "2017-06-30": {
        "Diluted EPS": 0.07,
        "Total Revenue": 544,
        "Gross Profit": 473,
        "Operating Income": 53,
        "EBIT": 68,
        "Net Income": 18
    },
    "2017-03-31": {
        "Diluted EPS": 0.99,
        "Total Revenue": 715,
        "Gross Profit": 668,
        "Operating Income": 271,
        "EBIT": 286,
        "Net Income": 248
    },
    "2016-12-31": {
        "Diluted EPS": 0.13,
        "Total Revenue": 459,
        "Gross Profit": 398,
        "Operating Income": 40,
        "EBIT": 55,
        "Net Income": 33
    },
    "2016-09-30": {
        "Diluted EPS": -0.16,
        "Total Revenue": 414,
        "Gross Profit": 360,
        "Operating Income": -19,
        "EBIT": -4,
        "Net Income": -39
    },
    "2016-06-30": {
        "Diluted EPS": -0.26,
        "Total Revenue": 432,
        "Gross Profit": 386,
        "Operating Income": 3,
        "EBIT": 18,
        "Net Income": -65
    },
    "2016-03-31": {
        "Diluted EPS": -0.17,
        "Total Revenue": 398,
        "Gross Profit": 347,
        "Operating Income": -14,
        "EBIT": 2,
        "Net Income": -42
    },
    "2015-12-31": {
        "Diluted EPS": -0.31,
        "Total Revenue": 418,
        "Gross Profit": 355,
        "Operating Income": -54,
        "EBIT": -38,
        "Net Income": -74
    },
    "2015-09-30": {
        "Diluted EPS": -0.39,
        "Total Revenue": 310,
        "Gross Profit": 278,
        "Operating Income": -70,
        "EBIT": -54,
        "Net Income": -95
    },
    "2015-06-30": {
        "Diluted EPS": -0.78,
        "Total Revenue": 166,
        "Gross Profit": 149,
        "Operating Income": -171,
        "EBIT": -157,
        "Net Income": -189
    },
    "2015-03-31": {
        "Diluted EPS": -0.83,
        "Total Revenue": 139,
        "Gross Profit": 126,
        "Operating Income": -172,
        "EBIT": -156,
        "Net Income": -199
    },
    "2014-12-31": {
        "Diluted EPS": -0.74,
        "Total Revenue": 145,
        "Gross Profit": 131,
        "Operating Income": -154,
        "EBIT": -137,
        "Net Income": -177
    },
    "2014-09-30": {
        "Diluted EPS": -0.72,
        "Total Revenue": 179,
        "Gross Profit": 165,
        "Operating Income": -142,
        "EBIT": -125,
        "Net Income": -170
    },
    "2014-06-30": {
        "Diluted EPS": -0.68,
        "Total Revenue": 138,
        "Gross Profit": 121,
        "Operating Income": -181,
        "EBIT": -166,
        "Net Income": -159
    },
    "2014-03-31": {
        "Diluted EPS": -1.0,
        "Total Revenue": 118,
        "Gross Profit": 103,
        "Operating Income": -216,
        "EBIT": -200,
        "Net Income": -232
    },
    "2013-12-31": {
        "Diluted EPS": 0.25,
        "Total Revenue": 351,
        "Gross Profit": 329,
        "Operating Income": 9,
        "EBIT": 26,
        "Net Income": 44
    },
    "2013-09-30": {
        "Diluted EPS": -0.54,
        "Total Revenue": 222,
        "Gross Profit": 194,
        "Operating Income": -124,
        "EBIT": -114,
        "Net Income": -124
    },
    "2013-06-30": {
        "Diluted EPS": -0.26,
        "Total Revenue": 311,
        "Gross Profit": 273,
        "Operating Income": -57,
        "EBIT": -46,
        "Net Income": -57
    },
    "2013-03-31": {
        "Diluted EPS": -1.43,
        "Total Revenue": 328,
        "Gross Profit": 286,
        "Operating Income": -438,
        "EBIT": -428,
        "Net Income": -308
    },
    "2012-12-31": {
        "Diluted EPS": -0.35,
        "Total Revenue": 334,
        "Gross Profit": 246,
        "Operating Income": -33,
        "EBIT": -21,
        "Net Income": -75
    },
    "2012-09-30": {
        "Diluted EPS": -0.27,
        "Total Revenue": 336,
        "Gross Profit": 297,
        "Operating Income": -1,
        "EBIT": 8,
        "Net Income": -58
    },
    "2012-06-30": {
        "Diluted EPS": -0.31,
        "Total Revenue": 418,
        "Gross Profit": 304,
        "Operating Income": -11,
        "EBIT": -2,
        "Net Income": -65
    },
    "2012-03-31": {
        "Diluted EPS": 0.43,
        "Total Revenue": 439,
        "Gross Profit": 400,
        "Operating Income": 92,
        "EBIT": 100,
        "Net Income": 91
    },
    "2011-12-31": {
        "Diluted EPS": 0.84,
        "Total Revenue": 563,
        "Gross Profit": 533,
        "Operating Income": 224,
        "EBIT": 234,
        "Net Income": 159
    },
    "2011-09-30": {
        "Diluted EPS": 1.02,
        "Total Revenue": 659,
        "Gross Profit": 621,
        "Operating Income": 216,
        "EBIT": 223,
        "Net Income": 221
    },
    "2011-06-30": {
        "Diluted EPS": -0.85,
        "Total Revenue": 114,
        "Gross Profit": 105,
        "Operating Income": -166,
        "EBIT": -157,
        "Net Income": -174
    },
    "2011-03-31": {
        "Diluted EPS": -0.87,
        "Total Revenue": 74,
        "Gross Profit": 71,
        "Operating Income": -160,
        "EBIT": -151,
        "Net Income": -176
    },
    "2010-12-31": {
        "Diluted EPS": -0.9,
        "Total Revenue": 66,
        "Gross Profit": 62,
        "Operating Income": -167,
        "EBIT": -158,
        "Net Income": -180
    },
    "2010-09-30": {
        "Diluted EPS": -1.04,
        "Total Revenue": 24,
        "Gross Profit": 21,
        "Operating Income": -200,
        "EBIT": -193,
        "Net Income": -209
    },
    "2010-06-30": {
        "Diluted EPS": -1.0,
        "Total Revenue": 32,
        "Gross Profit": 29,
        "Operating Income": -170,
        "EBIT": -162,
        "Net Income": -200
    },
    "2010-03-31": {
        "Diluted EPS": -0.83,
        "Total Revenue": 22,
        "Gross Profit": 19,
        "Operating Income": -160,
        "EBIT": -153,
        "Net Income": -165
    },
    "2009-12-31": {
        "Diluted EPS": -0.84,
        "Total Revenue": 34,
        "Gross Profit": 30,
        "Operating Income": -147,
        "EBIT": -138,
        "Net Income": -159
    },
    "2009-09-30": {
        "Diluted EPS": -0.84,
        "Total Revenue": 25,
        "Gross Profit": 21,
        "Operating Income": -148,
        "EBIT": -141,
        "Net Income": -150
    },
    "2009-06-30": {
        "Diluted EPS": -0.99,
        "Total Revenue": 19,
        "Gross Profit": 16,
        "Operating Income": -157,
        "EBIT": -149,
        "Net Income": -171
    },
    "2009-03-31": {
        "Diluted EPS": -1.04,
        "Total Revenue": 24,
        "Gross Profit": 20,
        "Operating Income": -162,
        "EBIT": -155,
        "Net Income": -163
    },
    "2023-09-30": {
        "Tax Effect Of Unusual Items": -6453800.0,
        "Tax Rate For Calcs": 0.122,
        "Normalized EBITDA": 1285100000.0,
        "Total Unusual Items": -52900000.0,
        "Total Unusual Items Excluding Goodwill": -52900000.0,
        "Net Income From Continuing Operation Net Minority Interest": 1035300000.0,
        "Reconciled Depreciation": 42100000.0,
        "Reconciled Cost Of Revenue": 318700000.0,
        "EBITDA": 1232200000.0,
        "EBIT": 1190100000.0,
        "Net Interest Income": 157000000.0,
        "Interest Expense": 10900000.0,
        "Interest Income": 167900000.0,
        "Normalized Income": 1081746200.0,
        "Net Income From Continuing And Discontinued Operation": 1035300000.0,
        "Total Expenses": 1392500000.0,
        "Total Operating Income As Reported": 1038100000.0,
        "Diluted Average Shares": 260600000.0,
        "Basic Average Shares": 258000000.0,
        "Diluted EPS": 3.97,
        "Basic EPS": 4.01,
        "Diluted NI Availto Com Stockholders": 1035300000.0,
        "Net Income Common Stockholders": 1035300000.0,
        "Net Income": 1035300000.0,
        "Net Income Including Noncontrolling Interests": 1035300000.0,
        "Net Income Continuous Operations": 1035300000.0,
        "Tax Provision": 143900000.0,
        "Pretax Income": 1179200000.0,
        "Other Income Expense": -68800000.0,
        "Other Non Operating Income Expenses": -15900000.0,
        "Special Income Charges": -52900000.0,
        "Other Special Charges": 51700000.0,
        "Restructuring And Mergern Acquisition": 1200000.0,
        "Net Non Operating Interest Income Expense": 157000000.0,
        "Interest Expense Non Operating": 10900000.0,
        "Interest Income Non Operating": 167900000.0,
        "Operating Income": 1091000000.0,
        "Operating Expense": 1073800000.0,
        "Research And Development": 810000000.0,
        "Selling General And Administration": 263800000.0,
        "Gross Profit": 2164800000.0,
        "Cost Of Revenue": 318700000.0,
        "Total Revenue": 2483500000.0,
        "Operating Revenue": 2483500000.0
    },
    "2023-12-31": {
        "Tax Effect Of Unusual Items": 5063611.014291,
        "Tax Rate For Calcs": 0.155803,
        "Normalized EBITDA": 1184700000.0,
        "Total Unusual Items": 32500000.0,
        "Total Unusual Items Excluding Goodwill": 32500000.0,
        "Net Income From Continuing Operation Net Minority Interest": 968800000.0,
        "Reconciled Depreciation": 59000000.0,
        "Reconciled Cost Of Revenue": 368000000.0,
        "EBITDA": 1217200000.0,
        "EBIT": 1158200000.0,
        "Net Interest Income": 168900000.0,
        "Interest Expense": 10600000.0,
        "Interest Income": 179500000.0,
        "Normalized Income": 941363611.014291,
        "Net Income From Continuing And Discontinued Operation": 968800000.0,
        "Total Expenses": 1561700000.0,
        "Total Operating Income As Reported": 988500000.0,
        "Diluted Average Shares": 260900000.0,
        "Basic Average Shares": 257700000.0,
        "Diluted EPS": 3.71,
        "Basic EPS": 3.76,
        "Diluted NI Availto Com Stockholders": 968800000.0,
        "Net Income Common Stockholders": 968800000.0,
        "Net Income": 968800000.0,
        "Net Income Including Noncontrolling Interests": 968800000.0,
        "Net Income Continuous Operations": 968800000.0,
        "Tax Provision": 178800000.0,
        "Pretax Income": 1147600000.0,
        "Other Income Expense": 22700000.0,
        "Other Non Operating Income Expenses": -9800000.0,
        "Special Income Charges": 32500000.0,
        "Other Special Charges": 17800000.0,
        "Restructuring And Mergern Acquisition": -50300000.0,
        "Net Non Operating Interest Income Expense": 168900000.0,
        "Interest Expense Non Operating": 10600000.0,
        "Interest Income Non Operating": 179500000.0,
        "Operating Income": 956000000.0,
        "Operating Expense": 1193700000.0,
        "Research And Development": 824600000.0,
        "Selling General And Administration": 369100000.0,
        "Gross Profit": 2149700000.0,
        "Cost Of Revenue": 368000000.0,
        "Total Revenue": 2517700000.0,
        "Operating Revenue": 2517700000.0
    },
    "2024-03-31": {
        "Tax Effect Of Unusual Items": -10738000.0,
        "Tax Rate For Calcs": 0.14,
        "Normalized EBITDA": 1419700000.0,
        "Total Unusual Items": -76700000.0,
        "Total Unusual Items Excluding Goodwill": -76700000.0,
        "Net Income From Continuing Operation Net Minority Interest": 1099600000.0,
        "Reconciled Depreciation": 53500000.0,
        "Reconciled Cost Of Revenue": 342600000.0,
        "EBITDA": 1343000000.0,
        "EBIT": 1289500000.0,
        "Net Interest Income": 170800000.0,
        "Interest Expense": 10400000.0,
        "Interest Income": 181200000.0,
        "Normalized Income": 1165562000.0,
        "Net Income From Continuing And Discontinued Operation": 1099600000.0,
        "Total Expenses": 1474400000.0,
        "Total Operating Income As Reported": 1139500000.0,
        "Diluted Average Shares": 261100000.0,
        "Basic Average Shares": 258200000.0,
        "Diluted EPS": 4.21,
        "Basic EPS": 4.26,
        "Diluted NI Availto Com Stockholders": 1099600000.0,
        "Net Income Common Stockholders": 1099600000.0,
        "Net Income": 1099600000.0,
        "Net Income Including Noncontrolling Interests": 1099600000.0,
        "Net Income Continuous Operations": 1099600000.0,
        "Tax Provision": 179500000.0,
        "Pretax Income": 1279100000.0,
        "Other Income Expense": -107900000.0,
        "Other Non Operating Income Expenses": -31200000.0,
        "Special Income Charges": -76700000.0,
        "Other Special Charges": 76800000.0,
        "Restructuring And Mergern Acquisition": -100000.0,
        "Net Non Operating Interest Income Expense": 170800000.0,
        "Interest Expense Non Operating": 10400000.0,
        "Interest Income Non Operating": 181200000.0,
        "Operating Income": 1216200000.0,
        "Operating Expense": 1131800000.0,
        "Research And Development": 789100000.0,
        "Selling General And Administration": 342700000.0,
        "Gross Profit": 2348000000.0,
        "Cost Of Revenue": 342600000.0,
        "Total Revenue": 2690600000.0,
        "Operating Revenue": 2690600000.0
    },
    "2024-06-30": {
        "Tax Effect Of Unusual Items": -934416000.0,
        "Tax Rate For Calcs": 0.21,
        "Normalized EBITDA": 1122300000.0,
        "Total Unusual Items": -4449600000.0,
        "Total Unusual Items Excluding Goodwill": -4449600000.0,
        "Net Income From Continuing Operation Net Minority Interest": -3593600000.0,
        "Reconciled Depreciation": 54000000.0,
        "Reconciled Cost Of Revenue": 371900000.0,
        "EBITDA": -3327300000.0,
        "EBIT": -3381300000.0,
        "Net Interest Income": 146600000.0,
        "Interest Expense": 9900000.0,
        "Interest Income": 156500000.0,
        "Normalized Income": -78416000.0,
        "Net Income From Continuing And Discontinued Operation": -3593600000.0,
        "Total Expenses": 1710700000.0,
        "Total Operating Income As Reported": -3514700000.0,
        "Diluted Average Shares": 258100000.0,
        "Basic Average Shares": 258100000.0,
        "Diluted EPS": -13.92,
        "Basic EPS": -13.92,
        "Diluted NI Availto Com Stockholders": -3593600000.0,
        "Net Income Common Stockholders": -3593600000.0,
        "Net Income": -3593600000.0,
        "Net Income Including Noncontrolling Interests": -3593600000.0,
        "Net Income Continuous Operations": -3593600000.0,
        "Tax Provision": 202400000.0,
        "Pretax Income": -3391200000.0,
        "Other Income Expense": -4472700000.0,
        "Other Non Operating Income Expenses": -23100000.0,
        "Special Income Charges": -4449600000.0,
        "Other Special Charges": 4449100000.0,
        "Restructuring And Mergern Acquisition": 500000.0,
        "Net Non Operating Interest Income Expense": 146600000.0,
        "Interest Expense Non Operating": 9900000.0,
        "Interest Income Non Operating": 156500000.0,
        "Operating Income": 934900000.0,
        "Operating Expense": 1338800000.0,
        "Research And Development": 966600000.0,
        "Selling General And Administration": 372200000.0,
        "Gross Profit": 2273700000.0,
        "Cost Of Revenue": 371900000.0,
        "Total Revenue": 2645600000.0,
        "Operating Revenue": 2645600000.0
    },
    "2024-09-30": {
        "Tax Effect Of Unusual Items": -2233800.0,
        "Tax Rate For Calcs": 0.146,
        "Normalized EBITDA": 1300100000.0,
        "Total Unusual Items": -15300000.0,
        "Total Unusual Items Excluding Goodwill": -15300000.0,
        "Net Income From Continuing Operation Net Minority Interest": 1045400000.0,
        "Reconciled Depreciation": 53200000.0,
        "Reconciled Cost Of Revenue": 392600000.0,
        "EBITDA": 1284800000.0,
        "EBIT": 1231600000.0,
        "Net Interest Income": 124700000.0,
        "Interest Expense": 7500000.0,
        "Interest Income": 132200000.0,
        "Normalized Income": 1058466200.0,
        "Net Income From Continuing And Discontinued Operation": 1045400000.0,
        "Total Expenses": 1640300000.0,
        "Total Operating Income As Reported": 1116300000.0,
        "Diluted Average Shares": 261000000.0,
        "Basic Average Shares": 258000000.0,
        "Diluted EPS": 4.01,
        "Basic EPS": 4.05,
        "Diluted NI Availto Com Stockholders": 1045400000.0,
        "Net Income Common Stockholders": 1045400000.0,
        "Net Income": 1045400000.0,
        "Net Income Including Noncontrolling Interests": 1045400000.0,
        "Net Income Continuous Operations": 1045400000.0,
        "Tax Provision": 178700000.0,
        "Pretax Income": 1224100000.0,
        "Other Income Expense": -32200000.0,
        "Other Non Operating Income Expenses": -16900000.0,
        "Special Income Charges": -15300000.0,
        "Other Special Charges": 15000000.0,
        "Restructuring And Mergern Acquisition": 300000.0,
        "Net Non Operating Interest Income Expense": 124700000.0,
        "Interest Expense Non Operating": 7500000.0,
        "Interest Income Non Operating": 132200000.0,
        "Operating Income": 1131600000.0,
        "Operating Expense": 1247700000.0,
        "Research And Development": 875900000.0,
        "Selling General And Administration": 371800000.0,
        "Gross Profit": 2379300000.0,
        "Cost Of Revenue": 392600000.0,
        "Total Revenue": 2771900000.0,
        "Operating Revenue": 2771900000.0
    }
}