{
    "2023-03-31": {
        "Tax Effect Of Unusual Items": 0.0,
        "Tax Rate For Calcs": 0.141183,
        "Normalized EBITDA": -65216000.0,
        "Net Income From Continuing Operation Net Minority Interest": -61504000.0,
        "Reconciled Depreciation": 7476000.0,
        "Reconciled Cost Of Revenue": 492052000.0,
        "EBIT": -72692000.0,
        "Net Interest Income": 4504000.0,
        "Interest Expense": 7551000.0,
        "Interest Income": 12055000.0,
        "Normalized Income": -61504000.0,
        "Net Income From Continuing And Discontinued Operation": 1196838000.0,
        "Total Expenses": 738791000.0,
        "Total Operating Income As Reported": -72692000.0,
        "Diluted Average Shares": 76921000.0,
        "Basic Average Shares": 76373242.0,
        "Diluted EPS": 15.56,
        "Basic EPS": 15.670907,
        "Diluted NI Availto Com Stockholders": 1196838000.0,
        "Net Income Common Stockholders": 1196838000.0,
        "Net Income": 1196838000.0,
        "Minority Interests": -2930000.0,
        "Net Income Including Noncontrolling Interests": 1199768000.0,
        "Net Income Discontinuous Operations": 1258342000.0,
        "Net Income Continuous Operations": -58574000.0,
        "Earnings From Equity Interest Net Of Tax": -13000.0,
        "Tax Provision": -9627000.0,
        "Pretax Income": -68188000.0,
        "Other Income Expense": 0.0,
        "Other Non Operating Income Expenses": 0.0,
        "Net Non Operating Interest Income Expense": 4504000.0,
        "Total Other Finance Cost": -4504000.0,
        "Interest Expense Non Operating": 7551000.0,
        "Interest Income Non Operating": 12055000.0,
        "Operating Income": -72692000.0,
        "Operating Expense": 246739000.0,
        "Depreciation Amortization Depletion Income Statement": 7476000.0,
        "Depreciation And Amortization In Income Statement": 7476000.0,
        "Amortization": 7476000.0,
        "Amortization Of Intangibles Income Statement": 7476000.0,
        "Research And Development": 32298000.0,
        "Selling General And Administration": 206965000.0,
        "Gross Profit": 174047000.0,
        "Cost Of Revenue": 492052000.0,
        "Total Revenue": 666099000.0,
        "Operating Revenue": 666099000.0
    },
    "2022-12-31": {
        "Tax Effect Of Unusual Items": 0.0,
        "Tax Rate For Calcs": 0.4,
        "Normalized EBITDA": -23878000.0,
        "Net Income From Continuing Operation Net Minority Interest": -46561000.0,
        "Reconciled Depreciation": 7433000.0,
        "Reconciled Cost Of Revenue": 483033000.0,
        "EBIT": -31311000.0,
        "Net Interest Income": -8222000.0,
        "Interest Expense": 8747000.0,
        "Interest Income": 525000.0,
        "Normalized Income": -46561000.0,
        "Net Income From Continuing And Discontinued Operation": -42228000.0,
        "Total Expenses": 682755000.0,
        "Total Operating Income As Reported": -31311000.0,
        "Diluted Average Shares": 76138000.0,
        "Basic Average Shares": 76138000.0,
        "Diluted EPS": -0.55,
        "Basic EPS": -0.55,
        "Diluted NI Availto Com Stockholders": -42228000.0,
        "Net Income Common Stockholders": -42228000.0,
        "Net Income": -42228000.0,
        "Minority Interests": -1803000.0,
        "Net Income Including Noncontrolling Interests": -40425000.0,
        "Net Income Discontinuous Operations": 4333000.0,
        "Net Income Continuous Operations": -44758000.0,
        "Earnings From Equity Interest Net Of Tax": -13000.0,
        "Tax Provision": 5212000.0,
        "Pretax Income": -39533000.0,
        "Other Income Expense": NaN,
        "Other Non Operating Income Expenses": NaN,
        "Net Non Operating Interest Income Expense": -8222000.0,
        "Total Other Finance Cost": 8222000.0,
        "Interest Expense Non Operating": 8747000.0,
        "Interest Income Non Operating": 525000.0,
        "Operating Income": -31311000.0,
        "Operating Expense": 199722000.0,
        "Depreciation Amortization Depletion Income Statement": 7433000.0,
        "Depreciation And Amortization In Income Statement": 7433000.0,
        "Amortization": 7433000.0,
        "Amortization Of Intangibles Income Statement": 7433000.0,
        "Research And Development": 29444000.0,
        "Selling General And Administration": 162845000.0,
        "Gross Profit": 168411000.0,
        "Cost Of Revenue": 483033000.0,
        "Total Revenue": 651444000.0,
        "Operating Revenue": 651444000.0
    },
    "2022-09-30": {
        "Tax Effect Of Unusual Items": 0.0,
        "Tax Rate For Calcs": 0.4,
        "Normalized EBITDA": 8523000.0,
        "Net Income From Continuing Operation Net Minority Interest": -73401000.0,
        "Reconciled Depreciation": 7379000.0,
        "Reconciled Cost Of Revenue": 438553000.0,
        "EBIT": 1144000.0,
        "Net Interest Income": 2171000.0,
        "Interest Expense": 4638000.0,
        "Interest Income": 6809000.0,
        "Normalized Income": -73401000.0,
        "Net Income From Continuing And Discontinued Operation": -48240000.0,
        "Total Expenses": 655539000.0,
        "Total Operating Income As Reported": 1144000.0,
        "Diluted Average Shares": 75758000.0,
        "Basic Average Shares": 75758000.0,
        "Diluted EPS": -0.64,
        "Basic EPS": -0.64,
        "Diluted NI Availto Com Stockholders": -48240000.0,
        "Net Income Common Stockholders": -48240000.0,
        "Net Income": -48240000.0,
        "Minority Interests": -684000.0,
        "Net Income Including Noncontrolling Interests": -47556000.0,
        "Net Income Discontinuous Operations": 25161000.0,
        "Net Income Continuous Operations": -72717000.0,
        "Earnings From Equity Interest Net Of Tax": -40000.0,
        "Tax Provision": 76079000.0,
        "Pretax Income": 3402000.0,
        "Other Income Expense": 87000.0,
        "Other Non Operating Income Expenses": 87000.0,
        "Net Non Operating Interest Income Expense": 2171000.0,
        "Total Other Finance Cost": -2171000.0,
        "Interest Expense Non Operating": 4638000.0,
        "Interest Income Non Operating": 6809000.0,
        "Operating Income": 1144000.0,
        "Operating Expense": 216986000.0,
        "Depreciation Amortization Depletion Income Statement": 7379000.0,
        "Depreciation And Amortization In Income Statement": 7379000.0,
        "Amortization": 7379000.0,
        "Amortization Of Intangibles Income Statement": 7379000.0,
        "Research And Development": 32416000.0,
        "Selling General And Administration": 177191000.0,
        "Gross Profit": 218130000.0,
        "Cost Of Revenue": 438553000.0,
        "Total Revenue": 656683000.0,
        "Operating Revenue": 656683000.0
    },
    "2022-06-30": {
        "Tax Effect Of Unusual Items": 0.0,
        "Tax Rate For Calcs": 0.338417,
        "Normalized EBITDA": -18528000.0,
        "Net Income From Continuing Operation Net Minority Interest": -21564000.0,
        "Reconciled Depreciation": 7523000.0,
        "Reconciled Cost Of Revenue": 482386000.0,
        "EBIT": -26051000.0,
        "Net Interest Income": -5750000.0,
        "Interest Expense": 5750000.0,
        "Interest Income": 123000.0,
        "Normalized Income": -21564000.0,
        "Net Income From Continuing And Discontinued Operation": -21564000.0,
        "Total Expenses": 705285000.0,
        "Total Operating Income As Reported": -27062000.0,
        "Diluted Average Shares": 74863000.0,
        "Basic Average Shares": 74863000.0,
        "Diluted EPS": -0.29,
        "Basic EPS": -0.29,
        "Diluted NI Availto Com Stockholders": -21564000.0,
        "Net Income Common Stockholders": -21564000.0,
        "Net Income": -21564000.0,
        "Minority Interests": -525000.0,
        "Net Income Including Noncontrolling Interests": -21039000.0,
        "Net Income Discontinuous Operations": NaN,
        "Net Income Continuous Operations": -21039000.0,
        "Earnings From Equity Interest Net Of Tax": 0.0,
        "Tax Provision": -10762000.0,
        "Pretax Income": -31801000.0,
        "Other Income Expense": 1011000.0,
        "Other Non Operating Income Expenses": 1011000.0,
        "Net Non Operating Interest Income Expense": -5750000.0,
        "Total Other Finance Cost": NaN,
        "Interest Expense Non Operating": 5750000.0,
        "Interest Income Non Operating": 123000.0,
        "Operating Income": -27062000.0,
        "Operating Expense": 222899000.0,
        "Depreciation Amortization Depletion Income Statement": 7523000.0,
        "Depreciation And Amortization In Income Statement": 7523000.0,
        "Amortization": 7523000.0,
        "Amortization Of Intangibles Income Statement": 7523000.0,
        "Research And Development": 35763000.0,
        "Selling General And Administration": 179613000.0,
        "Gross Profit": 195837000.0,
        "Cost Of Revenue": 482386000.0,
        "Total Revenue": 678223000.0,
        "Operating Revenue": 678223000.0
    },
    "2022-03-31": {
        "Diluted EPS": -0.39,
        "Total Revenue": 518,
        "Gross Profit": 139,
        "Operating Income": -76,
        "EBIT": 50,
        "Net Income": -29
    },
    "2021-12-31": {
        "Diluted EPS": -0.09,
        "Total Revenue": 625,
        "Gross Profit": 181,
        "Operating Income": -29,
        "EBIT": 99,
        "Net Income": -7
    },
    "2021-09-30": {
        "Diluted EPS": 0.04,
        "Total Revenue": 609,
        "Gross Profit": 175,
        "Operating Income": -24,
        "EBIT": 103,
        "Net Income": 3
    },
    "2021-06-30": {
        "Diluted EPS": 0.23,
        "Total Revenue": 665,
        "Gross Profit": 211,
        "Operating Income": 16,
        "EBIT": 131,
        "Net Income": 17
    },
    "2021-03-31": {
        "Diluted EPS": 0.13,
        "Total Revenue": 261,
        "Gross Profit": 69,
        "Operating Income": -75,
        "EBIT": 30,
        "Net Income": 7
    },
    "2020-12-31": {
        "Diluted EPS": 0.1,
        "Total Revenue": 576,
        "Gross Profit": 184,
        "Operating Income": 22,
        "EBIT": 124,
        "Net Income": 7
    },
    "2020-09-30": {
        "Diluted EPS": 0.03,
        "Total Revenue": 554,
        "Gross Profit": 167,
        "Operating Income": 13,
        "EBIT": 110,
        "Net Income": 2
    },
    "2020-06-30": {
        "Diluted EPS": -0.2,
        "Total Revenue": 530,
        "Gross Profit": 145,
        "Operating Income": -5,
        "EBIT": 87,
        "Net Income": -12
    },
    "2020-03-31": {
        "Diluted EPS": 0.04,
        "Total Revenue": 592,
        "Gross Profit": 181,
        "Operating Income": 14,
        "EBIT": 101,
        "Net Income": 2
    },
    "2019-12-31": {
        "Diluted EPS": 0.1,
        "Total Revenue": 588,
        "Gross Profit": 184,
        "Operating Income": 14,
        "EBIT": 103,
        "Net Income": 6
    },
    "2019-09-30": {
        "Diluted EPS": 0.05,
        "Total Revenue": 592,
        "Gross Profit": 182,
        "Operating Income": 18,
        "EBIT": 101,
        "Net Income": 3
    },
    "2019-06-30": {
        "Diluted EPS": -0.19,
        "Total Revenue": 537,
        "Gross Profit": 153,
        "Operating Income": -8,
        "EBIT": 76,
        "Net Income": -11
    },
    "2019-03-31": {
        "Diluted EPS": 0.04,
        "Total Revenue": 557,
        "Gross Profit": 159,
        "Operating Income": 9,
        "EBIT": 90,
        "Net Income": 3
    },
    "2018-12-31": {
        "Diluted EPS": -0.17,
        "Total Revenue": 555,
        "Gross Profit": 152,
        "Operating Income": 6,
        "EBIT": 87,
        "Net Income": -10
    },
    "2018-09-30": {
        "Diluted EPS": -0.43,
        "Total Revenue": 517,
        "Gross Profit": 125,
        "Operating Income": -22,
        "EBIT": 58,
        "Net Income": -26
    },
    "2018-06-30": {
        "Diluted EPS": -0.57,
        "Total Revenue": 439,
        "Gross Profit": 94,
        "Operating Income": -54,
        "EBIT": 23,
        "Net Income": -34
    },
    "2018-03-31": {
        "Diluted EPS": -0.33,
        "Total Revenue": 440,
        "Gross Profit": 112,
        "Operating Income": -33,
        "EBIT": 36,
        "Net Income": -20
    },
    "2017-12-31": {
        "Diluted EPS": -0.42,
        "Total Revenue": 382,
        "Gross Profit": 118,
        "Operating Income": -25,
        "EBIT": 36,
        "Net Income": -25
    },
    "2017-09-30": {
        "Diluted EPS": -0.24,
        "Total Revenue": 393,
        "Gross Profit": 124,
        "Operating Income": -16,
        "EBIT": 45,
        "Net Income": -14
    },
    "2017-06-30": {
        "Diluted EPS": -0.16,
        "Total Revenue": 380,
        "Gross Profit": 120,
        "Operating Income": -18,
        "EBIT": 46,
        "Net Income": -9
    },
    "2017-03-31": {
        "Diluted EPS": 0.11,
        "Total Revenue": 416,
        "Gross Profit": 142,
        "Operating Income": 3,
        "EBIT": 65,
        "Net Income": 7
    },
    "2016-12-31": {
        "Diluted EPS": 0.08,
        "Total Revenue": 381,
        "Gross Profit": 125,
        "Operating Income": 8,
        "EBIT": 69,
        "Net Income": 4
    },
    "2016-09-30": {
        "Diluted EPS": 0.22,
        "Total Revenue": 399,
        "Gross Profit": 128,
        "Operating Income": 18,
        "EBIT": 80,
        "Net Income": 11
    },
    "2016-06-30": {
        "Diluted EPS": 0.04,
        "Total Revenue": 363,
        "Gross Profit": 115,
        "Operating Income": 8,
        "EBIT": 68,
        "Net Income": 2
    },
    "2016-03-31": {
        "Diluted EPS": 0.09,
        "Total Revenue": 372,
        "Gross Profit": 109,
        "Operating Income": 7,
        "EBIT": 67,
        "Net Income": 4
    },
    "2015-12-31": {
        "Diluted EPS": 0.2,
        "Total Revenue": 348,
        "Gross Profit": 110,
        "Operating Income": 10,
        "EBIT": 74,
        "Net Income": 10
    },
    "2015-09-30": {
        "Diluted EPS": 0.1,
        "Total Revenue": 353,
        "Gross Profit": 113,
        "Operating Income": 14,
        "EBIT": 75,
        "Net Income": 5
    },
    "2015-06-30": {
        "Diluted EPS": 0.05,
        "Total Revenue": 344,
        "Gross Profit": 101,
        "Operating Income": 9,
        "EBIT": 67,
        "Net Income": 3
    },
    "2015-03-31": {
        "Diluted EPS": 0.16,
        "Total Revenue": 365,
        "Gross Profit": 114,
        "Operating Income": 20,
        "EBIT": 78,
        "Net Income": 8
    },
    "2014-12-31": {
        "Diluted EPS": 0.31,
        "Total Revenue": 340,
        "Gross Profit": 106,
        "Operating Income": 18,
        "EBIT": 76,
        "Net Income": 15
    },
    "2014-09-30": {
        "Diluted EPS": 0.5,
        "Total Revenue": 359,
        "Gross Profit": 117,
        "Operating Income": 46,
        "EBIT": 101,
        "Net Income": 24
    },
    "2014-06-30": {
        "Diluted EPS": -0.13,
        "Total Revenue": 319,
        "Gross Profit": 82,
        "Operating Income": -1,
        "EBIT": 50,
        "Net Income": -6
    },
    "2014-03-31": {
        "Diluted EPS": -0.08,
        "Total Revenue": 344,
        "Gross Profit": 93,
        "Operating Income": -1,
        "EBIT": 48,
        "Net Income": -4
    },
    "2013-12-31": {
        "Diluted EPS": -0.13,
        "Total Revenue": 333,
        "Gross Profit": 89,
        "Operating Income": 2,
        "EBIT": 48,
        "Net Income": -6
    },
    "2013-09-30": {
        "Diluted EPS": 0.04,
        "Total Revenue": 354,
        "Gross Profit": 92,
        "Operating Income": -1,
        "EBIT": 47,
        "Net Income": 2
    },
    "2013-06-30": {
        "Diluted EPS": -0.04,
        "Total Revenue": 321,
        "Gross Profit": 86,
        "Operating Income": 3,
        "EBIT": 46,
        "Net Income": -2
    },
    "2013-03-31": {
        "Diluted EPS": 0.04,
        "Total Revenue": 309,
        "Gross Profit": 76,
        "Operating Income": -7,
        "EBIT": 33,
        "Net Income": 2
    },
    "2012-12-31": {
        "Diluted EPS": -0.47,
        "Total Revenue": 286,
        "Gross Profit": 75,
        "Operating Income": 1,
        "EBIT": 42,
        "Net Income": -21
    },
    "2012-09-30": {
        "Diluted EPS": -0.18,
        "Total Revenue": 283,
        "Gross Profit": 66,
        "Operating Income": -1,
        "EBIT": 39,
        "Net Income": -8
    },
    "2012-06-30": {
        "Diluted EPS": -0.33,
        "Total Revenue": 242,
        "Gross Profit": 54,
        "Operating Income": -14,
        "EBIT": 23,
        "Net Income": -14
    },
    "2012-03-31": {
        "Diluted EPS": -0.17,
        "Total Revenue": 241,
        "Gross Profit": 55,
        "Operating Income": -6,
        "EBIT": 30,
        "Net Income": -7
    },
    "2011-12-31": {
        "Diluted EPS": 0.12,
        "Total Revenue": 205,
        "Gross Profit": 58,
        "Operating Income": 2,
        "EBIT": 31,
        "Net Income": 5
    },
    "2011-09-30": {
        "Diluted EPS": 0.18,
        "Total Revenue": 223,
        "Gross Profit": 61,
        "Operating Income": 5,
        "EBIT": 34,
        "Net Income": 8
    },
    "2011-06-30": {
        "Diluted EPS": 0.04,
        "Total Revenue": 195,
        "Gross Profit": 54,
        "Operating Income": 1,
        "EBIT": 32,
        "Net Income": 2
    },
    "2011-03-31": {
        "Diluted EPS": 0.28,
        "Total Revenue": 216,
        "Gross Profit": 67,
        "Operating Income": 12,
        "EBIT": 38,
        "Net Income": 12
    },
    "2010-12-31": {
        "Diluted EPS": 0.3,
        "Total Revenue": 196,
        "Gross Profit": 59,
        "Operating Income": 7,
        "EBIT": 33,
        "Net Income": 13
    },
    "2010-09-30": {
        "Diluted EPS": 0.18,
        "Total Revenue": 198,
        "Gross Profit": 68,
        "Operating Income": 13,
        "EBIT": 39,
        "Net Income": 8
    },
    "2010-06-30": {
        "Diluted EPS": 0.08,
        "Total Revenue": 192,
        "Gross Profit": 58,
        "Operating Income": 7,
        "EBIT": 32,
        "Net Income": 3
    },
    "2010-03-31": {
        "Diluted EPS": 0.27,
        "Total Revenue": 213,
        "Gross Profit": 71,
        "Operating Income": 18,
        "EBIT": 43,
        "Net Income": 10
    },
    "2009-12-31": {
        "Diluted EPS": 0.09,
        "Total Revenue": 156,
        "Gross Profit": 46,
        "Operating Income": 2,
        "EBIT": 11,
        "Net Income": 3
    },
    "2009-09-30": {
        "Diluted EPS": 0.28,
        "Total Revenue": 161,
        "Gross Profit": 49,
        "Operating Income": 12,
        "EBIT": 18,
        "Net Income": 9
    },
    "2009-06-30": {
        "Diluted EPS": 0.25,
        "Total Revenue": 158,
        "Gross Profit": 47,
        "Operating Income": 11,
        "EBIT": 18,
        "Net Income": 8
    },
    "2009-03-31": {
        "Diluted EPS": 0.37,
        "Total Revenue": 166,
        "Gross Profit": 48,
        "Operating Income": 14,
        "EBIT": 21,
        "Net Income": 12
    },
    "2023-06-30": {
        "Tax Effect Of Unusual Items": 0.0,
        "Tax Rate For Calcs": 0.00681,
        "Normalized EBITDA": -13705000.0,
        "Net Income From Continuing Operation Net Minority Interest": -77004000.0,
        "Reconciled Depreciation": 27811000.0,
        "Reconciled Cost Of Revenue": 544911000.0,
        "EBIT": -41516000.0,
        "Net Interest Income": -36750000.0,
        "Interest Expense": 55939000.0,
        "Interest Income": 19189000.0,
        "Normalized Income": -77004000.0,
        "Net Income From Continuing And Discontinued Operation": -77004000.0,
        "Total Expenses": 821307000.0,
        "Total Operating Income As Reported": -41516000.0,
        "Diluted Average Shares": 93106000.0,
        "Basic Average Shares": 93106000.0,
        "Diluted EPS": -0.83,
        "Basic EPS": -0.83,
        "Diluted NI Availto Com Stockholders": -77004000.0,
        "Net Income Common Stockholders": -77004000.0,
        "Net Income": -77004000.0,
        "Minority Interests": -102000.0,
        "Net Income Including Noncontrolling Interests": -76902000.0,
        "Net Income Discontinuous Operations": 0.0,
        "Net Income Continuous Operations": -76902000.0,
        "Earnings From Equity Interest Net Of Tax": 831000.0,
        "Tax Provision": -533000.0,
        "Pretax Income": -78266000.0,
        "Other Income Expense": NaN,
        "Other Non Operating Income Expenses": NaN,
        "Net Non Operating Interest Income Expense": -36750000.0,
        "Total Other Finance Cost": 36750000.0,
        "Interest Expense Non Operating": 55939000.0,
        "Interest Income Non Operating": 19189000.0,
        "Operating Income": -41516000.0,
        "Operating Expense": 276396000.0,
        "Depreciation Amortization Depletion Income Statement": 27811000.0,
        "Depreciation And Amortization In Income Statement": 27811000.0,
        "Amortization": 27811000.0,
        "Amortization Of Intangibles Income Statement": 27811000.0,
        "Research And Development": 29004000.0,
        "Selling General And Administration": 219581000.0,
        "Gross Profit": 234880000.0,
        "Cost Of Revenue": 544911000.0,
        "Total Revenue": 779791000.0,
        "Operating Revenue": 779791000.0
    }
}