{
    "2023-06-30": {
        "Tax Effect Of Unusual Items": 0.0,
        "Tax Rate For Calcs": 0.24,
        "Normalized EBITDA": 26401000.0,
        "Net Income From Continuing Operation Net Minority Interest": 10089000.0,
        "Reconciled Depreciation": 5764000.0,
        "Reconciled Cost Of Revenue": 183067000.0,
        "EBITDA": 26401000.0,
        "EBIT": 20637000.0,
        "Net Interest Income": -7366000.0,
        "Interest Expense": 7366000.0,
        "Normalized Income": 10089000.0,
        "Net Income From Continuing And Discontinued Operation": 8855000.0,
        "Total Expenses": 184586000.0,
        "Total Operating Income As Reported": 20637000.0,
        "Diluted Average Shares": 12916998.0,
        "Basic Average Shares": 12886100.0,
        "Diluted EPS": 0.68,
        "Basic EPS": 0.68,
        "Diluted NI Availto Com Stockholders": 8855000.0,
        "Net Income Common Stockholders": 8855000.0,
        "Net Income": 8855000.0,
        "Net Income Including Noncontrolling Interests": 8855000.0,
        "Net Income Discontinuous Operations": -1234000.0,
        "Net Income Continuous Operations": 10089000.0,
        "Tax Provision": 3182000.0,
        "Pretax Income": 13271000.0,
        "Net Non Operating Interest Income Expense": -7366000.0,
        "Interest Expense Non Operating": 7366000.0,
        "Operating Income": 20637000.0,
        "Operating Expense": 1519000.0,
        "Depreciation Amortization Depletion Income Statement": 3601000.0,
        "Depreciation And Amortization In Income Statement": 3601000.0,
        "Amortization": 3601000.0,
        "Amortization Of Intangibles Income Statement": 3601000.0,
        "Selling General And Administration": 1519000.0,
        "Gross Profit": 22156000.0,
        "Cost Of Revenue": 183067000.0,
        "Total Revenue": 205223000.0,
        "Operating Revenue": 205223000.0
    },
    "2023-03-31": {
        "Tax Effect Of Unusual Items": 0.0,
        "Tax Rate For Calcs": 0.248,
        "Normalized EBITDA": 23025000.0,
        "Net Income From Continuing Operation Net Minority Interest": 8120000.0,
        "Reconciled Depreciation": 6247000.0,
        "Reconciled Cost Of Revenue": 169764000.0,
        "EBITDA": 23025000.0,
        "EBIT": 16778000.0,
        "Net Interest Income": -5980000.0,
        "Interest Expense": 5980000.0,
        "Normalized Income": 8120000.0,
        "Net Income From Continuing And Discontinued Operation": 9117000.0,
        "Total Expenses": 171809000.0,
        "Total Operating Income As Reported": 16778000.0,
        "Diluted Average Shares": 12926424.0,
        "Basic Average Shares": 12844458.0,
        "Diluted EPS": 0.71,
        "Basic EPS": 0.71,
        "Diluted NI Availto Com Stockholders": 9117000.0,
        "Net Income Common Stockholders": 9117000.0,
        "Net Income": 9117000.0,
        "Net Income Including Noncontrolling Interests": 9117000.0,
        "Net Income Discontinuous Operations": 997000.0,
        "Net Income Continuous Operations": 8120000.0,
        "Tax Provision": 2678000.0,
        "Pretax Income": 10798000.0,
        "Net Non Operating Interest Income Expense": -5980000.0,
        "Interest Expense Non Operating": 5980000.0,
        "Operating Income": 16778000.0,
        "Operating Expense": 2045000.0,
        "Depreciation Amortization Depletion Income Statement": 4360000.0,
        "Depreciation And Amortization In Income Statement": 4360000.0,
        "Amortization": 4360000.0,
        "Amortization Of Intangibles Income Statement": 4360000.0,
        "Selling General And Administration": 2045000.0,
        "Gross Profit": 18823000.0,
        "Cost Of Revenue": 169764000.0,
        "Total Revenue": 188587000.0,
        "Operating Revenue": 188587000.0
    },
    "2022-12-31": {
        "Tax Effect Of Unusual Items": NaN,
        "Tax Rate For Calcs": NaN,
        "Normalized EBITDA": NaN,
        "Net Income From Continuing Operation Net Minority Interest": NaN,
        "Reconciled Depreciation": NaN,
        "Reconciled Cost Of Revenue": NaN,
        "EBITDA": NaN,
        "EBIT": NaN,
        "Net Interest Income": NaN,
        "Interest Expense": NaN,
        "Normalized Income": NaN,
        "Net Income From Continuing And Discontinued Operation": NaN,
        "Total Expenses": NaN,
        "Total Operating Income As Reported": NaN,
        "Diluted Average Shares": NaN,
        "Basic Average Shares": NaN,
        "Diluted EPS": NaN,
        "Basic EPS": NaN,
        "Diluted NI Availto Com Stockholders": NaN,
        "Net Income Common Stockholders": NaN,
        "Net Income": NaN,
        "Net Income Including Noncontrolling Interests": NaN,
        "Net Income Discontinuous Operations": NaN,
        "Net Income Continuous Operations": NaN,
        "Tax Provision": NaN,
        "Pretax Income": NaN,
        "Net Non Operating Interest Income Expense": NaN,
        "Interest Expense Non Operating": NaN,
        "Operating Income": NaN,
        "Operating Expense": NaN,
        "Depreciation Amortization Depletion Income Statement": 4233000.0,
        "Depreciation And Amortization In Income Statement": 4233000.0,
        "Amortization": 4233000.0,
        "Amortization Of Intangibles Income Statement": 4233000.0,
        "Selling General And Administration": NaN,
        "Gross Profit": NaN,
        "Cost Of Revenue": NaN,
        "Total Revenue": NaN,
        "Operating Revenue": NaN
    },
    "2022-09-30": {
        "Tax Effect Of Unusual Items": NaN,
        "Tax Rate For Calcs": NaN,
        "Normalized EBITDA": NaN,
        "Net Income From Continuing Operation Net Minority Interest": NaN,
        "Reconciled Depreciation": NaN,
        "Reconciled Cost Of Revenue": NaN,
        "EBITDA": NaN,
        "EBIT": NaN,
        "Net Interest Income": NaN,
        "Interest Expense": NaN,
        "Normalized Income": NaN,
        "Net Income From Continuing And Discontinued Operation": NaN,
        "Total Expenses": NaN,
        "Total Operating Income As Reported": NaN,
        "Diluted Average Shares": 12834084.0,
        "Basic Average Shares": 12797727.0,
        "Diluted EPS": 0.73,
        "Basic EPS": 0.74,
        "Diluted NI Availto Com Stockholders": NaN,
        "Net Income Common Stockholders": NaN,
        "Net Income": NaN,
        "Net Income Including Noncontrolling Interests": NaN,
        "Net Income Discontinuous Operations": NaN,
        "Net Income Continuous Operations": NaN,
        "Tax Provision": NaN,
        "Pretax Income": NaN,
        "Net Non Operating Interest Income Expense": NaN,
        "Interest Expense Non Operating": NaN,
        "Operating Income": NaN,
        "Operating Expense": NaN,
        "Depreciation Amortization Depletion Income Statement": 4233000.0,
        "Depreciation And Amortization In Income Statement": 4233000.0,
        "Amortization": 4233000.0,
        "Amortization Of Intangibles Income Statement": 4233000.0,
        "Selling General And Administration": NaN,
        "Gross Profit": NaN,
        "Cost Of Revenue": NaN,
        "Total Revenue": NaN,
        "Operating Revenue": NaN
    },
    "2022-06-30": {
        "Tax Effect Of Unusual Items": 0.0,
        "Tax Rate For Calcs": 0.265687,
        "Normalized EBITDA": 18588000.0,
        "Net Income From Continuing Operation Net Minority Interest": 7548000.0,
        "Reconciled Depreciation": 4437000.0,
        "Reconciled Cost Of Revenue": 222260000.0,
        "EBITDA": 18588000.0,
        "EBIT": 14151000.0,
        "Net Interest Income": -3872000.0,
        "Interest Expense": 3872000.0,
        "Normalized Income": 7548000.0,
        "Net Income From Continuing And Discontinued Operation": 7548000.0,
        "Total Expenses": 227562000.0,
        "Total Operating Income As Reported": 14151000.0,
        "Diluted Average Shares": 12811078.0,
        "Basic Average Shares": 12778355.0,
        "Diluted EPS": 0.59,
        "Basic EPS": 0.59,
        "Diluted NI Availto Com Stockholders": 7548000.0,
        "Net Income Common Stockholders": 7548000.0,
        "Net Income": 7548000.0,
        "Net Income Including Noncontrolling Interests": 7548000.0,
        "Net Income Discontinuous Operations": NaN,
        "Net Income Continuous Operations": 7548000.0,
        "Tax Provision": 2731000.0,
        "Pretax Income": 10279000.0,
        "Net Non Operating Interest Income Expense": -3872000.0,
        "Interest Expense Non Operating": 3872000.0,
        "Operating Income": 14151000.0,
        "Operating Expense": 5302000.0,
        "Depreciation Amortization Depletion Income Statement": 4437000.0,
        "Depreciation And Amortization In Income Statement": 4437000.0,
        "Amortization": 4437000.0,
        "Amortization Of Intangibles Income Statement": 4437000.0,
        "Selling General And Administration": 865000.0,
        "Gross Profit": 19453000.0,
        "Cost Of Revenue": 222260000.0,
        "Total Revenue": 241713000.0,
        "Operating Revenue": 241713000.0
    },
    "2022-03-31": {
        "Diluted EPS": 0.49,
        "Total Revenue": 231,
        "Gross Profit": 18,
        "Operating Income": 12,
        "EBIT": 18,
        "Net Income": 6
    },
    "2021-12-31": {
        "Diluted EPS": 0.47,
        "Total Revenue": 210,
        "Gross Profit": 17,
        "Operating Income": 11,
        "EBIT": 17,
        "Net Income": 6
    },
    "2021-09-30": {
        "Diluted EPS": 0.71,
        "Total Revenue": 201,
        "Gross Profit": 20,
        "Operating Income": 14,
        "EBIT": 21,
        "Net Income": 9
    },
    "2021-06-30": {
        "Diluted EPS": -0.97,
        "Total Revenue": 175,
        "Gross Profit": -7,
        "Operating Income": -13,
        "EBIT": -6,
        "Net Income": -12
    },
    "2021-03-31": {
        "Diluted EPS": 0.42,
        "Total Revenue": 165,
        "Gross Profit": 14,
        "Operating Income": 10,
        "EBIT": 16,
        "Net Income": 5
    },
    "2020-12-31": {
        "Diluted EPS": 0.55,
        "Total Revenue": 150,
        "Gross Profit": 17,
        "Operating Income": 12,
        "EBIT": -16,
        "Net Income": 6
    },
    "2020-09-30": {
        "Diluted EPS": 0.73,
        "Total Revenue": 166,
        "Gross Profit": 19,
        "Operating Income": 14,
        "EBIT": 20,
        "Net Income": 8
    },
    "2020-06-30": {
        "Diluted EPS": -2.05,
        "Total Revenue": 169,
        "Gross Profit": 18,
        "Operating Income": -22,
        "EBIT": 18,
        "Net Income": -23
    },
    "2020-03-31": {
        "Diluted EPS": 0.3,
        "Total Revenue": 177,
        "Gross Profit": 21,
        "Operating Income": 10,
        "EBIT": 16,
        "Net Income": 3
    },
    "2019-12-31": {
        "Diluted EPS": 0.91,
        "Total Revenue": 195,
        "Gross Profit": 20,
        "Operating Income": 15,
        "EBIT": 21,
        "Net Income": 10
    },
    "2019-09-30": {
        "Diluted EPS": 0.95,
        "Total Revenue": 198,
        "Gross Profit": 23,
        "Operating Income": 17,
        "EBIT": 24,
        "Net Income": 11
    },
    "2019-06-30": {
        "Diluted EPS": 0.89,
        "Total Revenue": 189,
        "Gross Profit": 22,
        "Operating Income": 16,
        "EBIT": 23,
        "Net Income": 10
    },
    "2019-03-31": {
        "Diluted EPS": 0.6,
        "Total Revenue": 170,
        "Gross Profit": 18,
        "Operating Income": 12,
        "EBIT": 19,
        "Net Income": 7
    },
    "2018-12-31": {
        "Diluted EPS": 0.84,
        "Total Revenue": 181,
        "Gross Profit": 18,
        "Operating Income": 13,
        "EBIT": 19,
        "Net Income": 9
    },
    "2018-09-30": {
        "Diluted EPS": 0.92,
        "Total Revenue": 169,
        "Gross Profit": 19,
        "Operating Income": 16,
        "EBIT": 22,
        "Net Income": 10
    },
    "2018-06-30": {
        "Diluted EPS": 0.8,
        "Total Revenue": 170,
        "Gross Profit": 19,
        "Operating Income": 14,
        "EBIT": 20,
        "Net Income": 9
    },
    "2018-03-31": {
        "Diluted EPS": 0.65,
        "Total Revenue": 177,
        "Gross Profit": 16,
        "Operating Income": 12,
        "EBIT": 18,
        "Net Income": 7
    },
    "2017-12-31": {
        "Diluted EPS": 1.6,
        "Total Revenue": 195,
        "Gross Profit": 18,
        "Operating Income": 13,
        "EBIT": 19,
        "Net Income": 17
    },
    "2017-09-30": {
        "Diluted EPS": 0.61,
        "Total Revenue": 174,
        "Gross Profit": 16,
        "Operating Income": 12,
        "EBIT": 19,
        "Net Income": 7
    },
    "2017-06-30": {
        "Diluted EPS": 0.72,
        "Total Revenue": 194,
        "Gross Profit": 19,
        "Operating Income": 15,
        "EBIT": 21,
        "Net Income": 8
    },
    "2017-03-31": {
        "Diluted EPS": 0.67,
        "Total Revenue": 197,
        "Gross Profit": 19,
        "Operating Income": 14,
        "EBIT": 21,
        "Net Income": 7
    },
    "2016-12-31": {
        "Diluted EPS": 0.66,
        "Total Revenue": 215,
        "Gross Profit": 20,
        "Operating Income": 13,
        "EBIT": 20,
        "Net Income": 7
    },
    "2016-09-30": {
        "Diluted EPS": 0.65,
        "Total Revenue": 173,
        "Gross Profit": 18,
        "Operating Income": 14,
        "EBIT": 20,
        "Net Income": 7
    },
    "2016-06-30": {
        "Diluted EPS": 0.55,
        "Total Revenue": 160,
        "Gross Profit": 18,
        "Operating Income": 12,
        "EBIT": 19,
        "Net Income": 6
    },
    "2016-03-31": {
        "Diluted EPS": 0.61,
        "Total Revenue": 144,
        "Gross Profit": 18,
        "Operating Income": 13,
        "EBIT": 19,
        "Net Income": 7
    },
    "2015-12-31": {
        "Diluted EPS": 0.72,
        "Total Revenue": 145,
        "Gross Profit": 20,
        "Operating Income": 15,
        "EBIT": 21,
        "Net Income": 8
    },
    "2015-09-30": {
        "Diluted EPS": 0.6,
        "Total Revenue": 137,
        "Gross Profit": 18,
        "Operating Income": 13,
        "EBIT": 20,
        "Net Income": 6
    },
    "2015-06-30": {
        "Diluted EPS": 0.51,
        "Total Revenue": 131,
        "Gross Profit": 17,
        "Operating Income": 11,
        "EBIT": 18,
        "Net Income": 5
    },
    "2015-03-31": {
        "Diluted EPS": 0.49,
        "Total Revenue": 121,
        "Gross Profit": 15,
        "Operating Income": 11,
        "EBIT": 17,
        "Net Income": 5
    },
    "2014-12-31": {
        "Diluted EPS": 0.4,
        "Total Revenue": 95,
        "Gross Profit": 19,
        "Operating Income": 8,
        "EBIT": 12,
        "Net Income": 4
    },
    "2014-09-30": {
        "Diluted EPS": 0.36,
        "Total Revenue": 102,
        "Gross Profit": 8,
        "Operating Income": 7,
        "EBIT": 12,
        "Net Income": 4
    },
    "2014-06-30": {
        "Diluted EPS": 0.53,
        "Total Revenue": 108,
        "Gross Profit": 11,
        "Operating Income": 11,
        "EBIT": 15,
        "Net Income": 6
    },
    "2014-03-31": {
        "Diluted EPS": 0.53,
        "Total Revenue": 119,
        "Gross Profit": 12,
        "Operating Income": 11,
        "EBIT": 16,
        "Net Income": 6
    },
    "2013-12-31": {
        "Diluted EPS": 0.51,
        "Total Revenue": 122,
        "Gross Profit": 13,
        "Operating Income": 12,
        "EBIT": 17,
        "Net Income": 5
    },
    "2013-09-30": {
        "Diluted EPS": 0.5,
        "Total Revenue": 111,
        "Gross Profit": 10,
        "Operating Income": 9,
        "EBIT": 14,
        "Net Income": 5
    },
    "2013-06-30": {
        "Diluted EPS": 0.64,
        "Total Revenue": 119,
        "Gross Profit": 14,
        "Operating Income": 13,
        "EBIT": 18,
        "Net Income": 7
    },
    "2013-03-31": {
        "Diluted EPS": 0.5,
        "Total Revenue": 119,
        "Gross Profit": 10,
        "Operating Income": 10,
        "EBIT": 15,
        "Net Income": 5
    },
    "2012-12-31": {
        "Diluted EPS": 0.23,
        "Total Revenue": 137,
        "Gross Profit": 13,
        "Operating Income": 12,
        "EBIT": 22,
        "Net Income": 2
    },
    "2012-09-30": {
        "Diluted EPS": 0.56,
        "Total Revenue": 134,
        "Gross Profit": 16,
        "Operating Income": 14,
        "EBIT": 24,
        "Net Income": 6
    },
    "2012-06-30": {
        "Diluted EPS": 0.59,
        "Total Revenue": 136,
        "Gross Profit": 14,
        "Operating Income": 13,
        "EBIT": 18,
        "Net Income": 6
    },
    "2012-03-31": {
        "Diluted EPS": 0.63,
        "Total Revenue": 140,
        "Gross Profit": 13,
        "Operating Income": 12,
        "EBIT": 17,
        "Net Income": 7
    },
    "2011-12-31": {
        "Diluted EPS": 0.57,
        "Total Revenue": 111,
        "Gross Profit": 12,
        "Operating Income": 11,
        "EBIT": 16,
        "Net Income": 6
    },
    "2011-09-30": {
        "Diluted EPS": 0.58,
        "Total Revenue": 160,
        "Gross Profit": 13,
        "Operating Income": 11,
        "EBIT": 16,
        "Net Income": 6
    },
    "2011-06-30": {
        "Diluted EPS": 0.4,
        "Total Revenue": 159,
        "Gross Profit": 9,
        "Operating Income": 7,
        "EBIT": 10,
        "Net Income": 4
    },
    "2011-03-31": {
        "Diluted EPS": 0.4,
        "Total Revenue": 151,
        "Gross Profit": 8,
        "Operating Income": 7,
        "EBIT": 9,
        "Net Income": 4
    },
    "2010-12-31": {
        "Diluted EPS": 1.02,
        "Total Revenue": 157,
        "Gross Profit": 8,
        "Operating Income": 7,
        "EBIT": 10,
        "Net Income": 5
    },
    "2010-09-30": {
        "Diluted EPS": 0.7,
        "Total Revenue": 213,
        "Gross Profit": 13,
        "Operating Income": 12,
        "EBIT": 14,
        "Net Income": 7
    },
    "2010-06-30": {
        "Diluted EPS": 0.03,
        "Total Revenue": 212,
        "Gross Profit": 10,
        "Operating Income": 10,
        "EBIT": 12,
        "Net Income": 6
    },
    "2010-03-31": {
        "Diluted EPS": 0.52,
        "Total Revenue": 228,
        "Gross Profit": 9,
        "Operating Income": 9,
        "EBIT": 11,
        "Net Income": 5
    },
    "2009-12-31": {
        "Diluted EPS": 0.51,
        "Total Revenue": 256,
        "Gross Profit": 9,
        "Operating Income": 8,
        "EBIT": 10,
        "Net Income": 5
    },
    "2009-09-30": {
        "Diluted EPS": 0.75,
        "Total Revenue": 263,
        "Gross Profit": 13,
        "Operating Income": 13,
        "EBIT": 15,
        "Net Income": 8
    },
    "2009-06-30": {
        "Diluted EPS": 0.63,
        "Total Revenue": 255,
        "Gross Profit": 11,
        "Operating Income": 10,
        "EBIT": 12,
        "Net Income": 6
    },
    "2009-03-31": {
        "Diluted EPS": 0.46,
        "Total Revenue": 240,
        "Gross Profit": 8,
        "Operating Income": 7,
        "EBIT": 9,
        "Net Income": 5
    },
    "2023-09-30": {
        "Tax Effect Of Unusual Items": 0.0,
        "Tax Rate For Calcs": 0.279,
        "Normalized EBITDA": 30714000.0,
        "Net Income From Continuing Operation Net Minority Interest": 12111000.0,
        "Reconciled Depreciation": 5450000.0,
        "Reconciled Cost Of Revenue": 203533000.0,
        "EBITDA": 30714000.0,
        "EBIT": 25264000.0,
        "Net Interest Income": -8459000.0,
        "Interest Expense": 8459000.0,
        "Normalized Income": 12111000.0,
        "Net Income From Continuing And Discontinued Operation": 9557000.0,
        "Total Expenses": 206089000.0,
        "Total Operating Income As Reported": 25264000.0,
        "Diluted Average Shares": 15050062.0,
        "Basic Average Shares": 15001908.0,
        "Diluted EPS": 0.63,
        "Basic EPS": 0.64,
        "Diluted NI Availto Com Stockholders": 9557000.0,
        "Net Income Common Stockholders": 9557000.0,
        "Net Income": 9557000.0,
        "Net Income Including Noncontrolling Interests": 9557000.0,
        "Net Income Discontinuous Operations": -2554000.0,
        "Net Income Continuous Operations": 12111000.0,
        "Tax Provision": 4694000.0,
        "Pretax Income": 16805000.0,
        "Net Non Operating Interest Income Expense": -8459000.0,
        "Interest Expense Non Operating": 8459000.0,
        "Operating Income": 25264000.0,
        "Operating Expense": 2556000.0,
        "Depreciation Amortization Depletion Income Statement": NaN,
        "Depreciation And Amortization In Income Statement": NaN,
        "Amortization": NaN,
        "Amortization Of Intangibles Income Statement": NaN,
        "Selling General And Administration": 2556000.0,
        "Gross Profit": 27820000.0,
        "Cost Of Revenue": 203533000.0,
        "Total Revenue": 231353000.0,
        "Operating Revenue": 231353000.0
    },
    "2023-12-31": {
        "Tax Effect Of Unusual Items": 0.0,
        "Tax Rate For Calcs": 0.199925,
        "Normalized EBITDA": 31274000.0,
        "Net Income From Continuing Operation Net Minority Interest": 12834000.0,
        "Reconciled Depreciation": 5955000.0,
        "Reconciled Cost Of Revenue": 208508000.0,
        "EBITDA": 31274000.0,
        "EBIT": 25319000.0,
        "Net Interest Income": -9278000.0,
        "Interest Expense": 9278000.0,
        "Normalized Income": 12834000.0,
        "Net Income From Continuing And Discontinued Operation": 11605000.0,
        "Total Expenses": 210006000.0,
        "Total Operating Income As Reported": 25319000.0,
        "Diluted Average Shares": NaN,
        "Basic Average Shares": NaN,
        "Diluted EPS": NaN,
        "Basic EPS": NaN,
        "Diluted NI Availto Com Stockholders": 11605000.0,
        "Net Income Common Stockholders": 11605000.0,
        "Net Income": 11605000.0,
        "Net Income Including Noncontrolling Interests": 11605000.0,
        "Net Income Discontinuous Operations": -1229000.0,
        "Net Income Continuous Operations": 12834000.0,
        "Tax Provision": 3207000.0,
        "Pretax Income": 16041000.0,
        "Net Non Operating Interest Income Expense": -9278000.0,
        "Interest Expense Non Operating": 9278000.0,
        "Operating Income": 25319000.0,
        "Operating Expense": 1498000.0,
        "Depreciation Amortization Depletion Income Statement": NaN,
        "Depreciation And Amortization In Income Statement": NaN,
        "Amortization": NaN,
        "Amortization Of Intangibles Income Statement": NaN,
        "Selling General And Administration": 1498000.0,
        "Gross Profit": 26817000.0,
        "Cost Of Revenue": 208508000.0,
        "Total Revenue": 235325000.0,
        "Operating Revenue": 235325000.0
    },
    "2024-03-31": {
        "Tax Effect Of Unusual Items": 0.0,
        "Tax Rate For Calcs": 0.193,
        "Normalized EBITDA": 30119000.0,
        "Net Income From Continuing Operation Net Minority Interest": 12100000.0,
        "Reconciled Depreciation": 5945000.0,
        "Reconciled Cost Of Revenue": 214366000.0,
        "EBITDA": 30119000.0,
        "EBIT": 24174000.0,
        "Net Interest Income": -9187000.0,
        "Interest Expense": 9187000.0,
        "Normalized Income": 12100000.0,
        "Net Income From Continuing And Discontinued Operation": -6611000.0,
        "Total Expenses": 217365000.0,
        "Total Operating Income As Reported": 24174000.0,
        "Diluted Average Shares": 15939950.0,
        "Basic Average Shares": 15783915.0,
        "Diluted EPS": -0.42,
        "Basic EPS": -0.42,
        "Diluted NI Availto Com Stockholders": -6611000.0,
        "Net Income Common Stockholders": -6611000.0,
        "Net Income": -6611000.0,
        "Net Income Including Noncontrolling Interests": -6611000.0,
        "Net Income Discontinuous Operations": -18711000.0,
        "Net Income Continuous Operations": 12100000.0,
        "Tax Provision": 2887000.0,
        "Pretax Income": 14987000.0,
        "Net Non Operating Interest Income Expense": -9187000.0,
        "Interest Expense Non Operating": 9187000.0,
        "Operating Income": 24174000.0,
        "Operating Expense": 2999000.0,
        "Depreciation Amortization Depletion Income Statement": NaN,
        "Depreciation And Amortization In Income Statement": NaN,
        "Amortization": NaN,
        "Amortization Of Intangibles Income Statement": NaN,
        "Selling General And Administration": 2999000.0,
        "Gross Profit": 27173000.0,
        "Cost Of Revenue": 214366000.0,
        "Total Revenue": 241539000.0,
        "Operating Revenue": 241539000.0
    }
}