{
    "2023-03-31": {
        "Tax Effect Of Unusual Items": 0.0,
        "Tax Rate For Calcs": 0.284404,
        "Normalized EBITDA": 205198000.0,
        "Total Unusual Items": -746000.0,
        "Total Unusual Items Excluding Goodwill": -746000.0,
        "Net Income From Continuing Operation Net Minority Interest": 111781000.0,
        "Reconciled Depreciation": 43301000.0,
        "Reconciled Cost Of Revenue": 592333000.0,
        "EBITDA": 205198000.0,
        "EBIT": 161897000.0,
        "Net Interest Income": -5120000.0,
        "Interest Expense": 5120000.0,
        "Interest Income": 5944000.0,
        "Normalized Income": 111781000.0,
        "Net Income From Continuing And Discontinued Operation": 111781000.0,
        "Total Expenses": 712478000.0,
        "Total Operating Income As Reported": 158568000.0,
        "Diluted Average Shares": 141251000.0,
        "Basic Average Shares": 140636000.0,
        "Diluted EPS": 0.79,
        "Basic EPS": 0.79,
        "Diluted NI Availto Com Stockholders": 111781000.0,
        "Net Income Common Stockholders": 111781000.0,
        "Net Income": 111781000.0,
        "Minority Interests": -408000.0,
        "Net Income Including Noncontrolling Interests": 112189000.0,
        "Net Income Continuous Operations": 112189000.0,
        "Tax Provision": 44588000.0,
        "Pretax Income": 156777000.0,
        "Other Income Expense": 3329000.0,
        "Other Non Operating Income Expenses": 3329000.0,
        "Gain On Sale Of Security": -746000.0,
        "Net Non Operating Interest Income Expense": -5120000.0,
        "Interest Expense Non Operating": 5120000.0,
        "Interest Income Non Operating": 5944000.0,
        "Operating Income": 158568000.0,
        "Operating Expense": 120145000.0,
        "Selling General And Administration": 120145000.0,
        "General And Administrative Expense": NaN,
        "Other Gand A": NaN,
        "Gross Profit": 278713000.0,
        "Cost Of Revenue": 592333000.0,
        "Total Revenue": 871046000.0,
        "Operating Revenue": 871046000.0
    },
    "2022-12-31": {
        "Tax Effect Of Unusual Items": 0.0,
        "Tax Rate For Calcs": 0.21,
        "Normalized EBITDA": 132690000.0,
        "Total Unusual Items": -4381000.0,
        "Total Unusual Items Excluding Goodwill": -4381000.0,
        "Net Income From Continuing Operation Net Minority Interest": 72788000.0,
        "Reconciled Depreciation": 42690000.0,
        "Reconciled Cost Of Revenue": 606178000.0,
        "EBITDA": 132690000.0,
        "EBIT": 132690000.0,
        "Net Interest Income": -4490000.0,
        "Interest Expense": 4490000.0,
        "Interest Income": 4374000.0,
        "Normalized Income": 72788000.0,
        "Net Income From Continuing And Discontinued Operation": 72788000.0,
        "Total Expenses": 719990000.0,
        "Total Operating Income As Reported": 135308000.0,
        "Diluted Average Shares": 142247000.0,
        "Basic Average Shares": 141643000.0,
        "Diluted EPS": 0.51,
        "Basic EPS": 0.51,
        "Diluted NI Availto Com Stockholders": 72788000.0,
        "Net Income Common Stockholders": 72788000.0,
        "Net Income": 72788000.0,
        "Minority Interests": -413000.0,
        "Net Income Including Noncontrolling Interests": 73201000.0,
        "Net Income Continuous Operations": 73201000.0,
        "Tax Provision": 54999000.0,
        "Pretax Income": 128200000.0,
        "Other Income Expense": -2618000.0,
        "Other Non Operating Income Expenses": -2618000.0,
        "Gain On Sale Of Security": -4381000.0,
        "Net Non Operating Interest Income Expense": -4490000.0,
        "Interest Expense Non Operating": 4490000.0,
        "Interest Income Non Operating": 4374000.0,
        "Operating Income": 135308000.0,
        "Operating Expense": 113812000.0,
        "Selling General And Administration": 113812000.0,
        "General And Administrative Expense": NaN,
        "Other Gand A": NaN,
        "Gross Profit": 249120000.0,
        "Cost Of Revenue": 606178000.0,
        "Total Revenue": 855298000.0,
        "Operating Revenue": 855298000.0
    },
    "2022-09-30": {
        "Tax Effect Of Unusual Items": 672000.0,
        "Tax Rate For Calcs": 0.224,
        "Normalized EBITDA": 222573000.0,
        "Total Unusual Items": 3000000.0,
        "Total Unusual Items Excluding Goodwill": 3000000.0,
        "Net Income From Continuing Operation Net Minority Interest": 140061000.0,
        "Reconciled Depreciation": 40334000.0,
        "Reconciled Cost Of Revenue": 635260000.0,
        "EBITDA": 225573000.0,
        "EBIT": 185239000.0,
        "Net Interest Income": -2274000.0,
        "Interest Expense": 4110000.0,
        "Interest Income": 1836000.0,
        "Normalized Income": 137733000.0,
        "Net Income From Continuing And Discontinued Operation": 140061000.0,
        "Total Expenses": 741696000.0,
        "Total Operating Income As Reported": 183102000.0,
        "Diluted Average Shares": 143447000.0,
        "Basic Average Shares": 142887000.0,
        "Diluted EPS": 0.98,
        "Basic EPS": 0.98,
        "Diluted NI Availto Com Stockholders": 140061000.0,
        "Net Income Common Stockholders": 140061000.0,
        "Net Income": 140061000.0,
        "Minority Interests": -502000.0,
        "Net Income Including Noncontrolling Interests": 140563000.0,
        "Net Income Continuous Operations": 140563000.0,
        "Tax Provision": 40566000.0,
        "Pretax Income": 181129000.0,
        "Other Income Expense": 301000.0,
        "Other Non Operating Income Expenses": -2699000.0,
        "Gain On Sale Of Security": 3000000.0,
        "Net Non Operating Interest Income Expense": -2274000.0,
        "Interest Expense Non Operating": 4110000.0,
        "Interest Income Non Operating": 1836000.0,
        "Operating Income": 183102000.0,
        "Operating Expense": 106436000.0,
        "Selling General And Administration": 106436000.0,
        "General And Administrative Expense": NaN,
        "Other Gand A": NaN,
        "Gross Profit": 289538000.0,
        "Cost Of Revenue": 635260000.0,
        "Total Revenue": 924798000.0,
        "Operating Revenue": 924798000.0
    },
    "2022-06-30": {
        "Tax Effect Of Unusual Items": 870128.0,
        "Tax Rate For Calcs": 0.238,
        "Normalized EBITDA": 188864000.0,
        "Total Unusual Items": 3656000.0,
        "Total Unusual Items Excluding Goodwill": 3656000.0,
        "Net Income From Continuing Operation Net Minority Interest": 112388000.0,
        "Reconciled Depreciation": 40317000.0,
        "Reconciled Cost Of Revenue": 602289000.0,
        "EBITDA": 192520000.0,
        "EBIT": 152203000.0,
        "Net Interest Income": -3518000.0,
        "Interest Expense": 4307000.0,
        "Interest Income": 789000.0,
        "Normalized Income": 109602128.0,
        "Net Income From Continuing And Discontinued Operation": 112388000.0,
        "Total Expenses": 712689000.0,
        "Total Operating Income As Reported": 150823000.0,
        "Diluted Average Shares": 144397000.0,
        "Basic Average Shares": 143996000.0,
        "Diluted EPS": 0.78,
        "Basic EPS": 0.78,
        "Diluted NI Availto Com Stockholders": 112388000.0,
        "Net Income Common Stockholders": 112388000.0,
        "Net Income": 112388000.0,
        "Minority Interests": -381000.0,
        "Net Income Including Noncontrolling Interests": 112769000.0,
        "Net Income Continuous Operations": 112769000.0,
        "Tax Provision": 35127000.0,
        "Pretax Income": 147896000.0,
        "Other Income Expense": 591000.0,
        "Other Non Operating Income Expenses": -3065000.0,
        "Gain On Sale Of Security": 3656000.0,
        "Net Non Operating Interest Income Expense": -3518000.0,
        "Interest Expense Non Operating": 4307000.0,
        "Interest Income Non Operating": 789000.0,
        "Operating Income": 150823000.0,
        "Operating Expense": 110400000.0,
        "Selling General And Administration": 110400000.0,
        "General And Administrative Expense": 110400000.0,
        "Other Gand A": 110400000.0,
        "Gross Profit": 261223000.0,
        "Cost Of Revenue": 602289000.0,
        "Total Revenue": 863512000.0,
        "Operating Revenue": 863512000.0
    },
    "2022-03-31": {
        "Diluted EPS": 0.71,
        "Total Revenue": 854,
        "Gross Profit": 259,
        "Operating Income": 146,
        "EBIT": 187,
        "Net Income": 104
    },
    "2021-12-31": {
        "Diluted EPS": 0.25,
        "Total Revenue": 843,
        "Gross Profit": 230,
        "Operating Income": 122,
        "EBIT": 164,
        "Net Income": 37
    },
    "2021-09-30": {
        "Diluted EPS": 0.67,
        "Total Revenue": 814,
        "Gross Profit": 226,
        "Operating Income": 124,
        "EBIT": 165,
        "Net Income": 97
    },
    "2021-06-30": {
        "Diluted EPS": 0.64,
        "Total Revenue": 819,
        "Gross Profit": 229,
        "Operating Income": 125,
        "EBIT": 167,
        "Net Income": 93
    },
    "2021-03-31": {
        "Diluted EPS": 0.49,
        "Total Revenue": 765,
        "Gross Profit": 203,
        "Operating Income": 97,
        "EBIT": 139,
        "Net Income": 71
    },
    "2020-12-31": {
        "Diluted EPS": 0.26,
        "Total Revenue": 667,
        "Gross Profit": 152,
        "Operating Income": 60,
        "EBIT": 105,
        "Net Income": 38
    },
    "2020-09-30": {
        "Diluted EPS": 0.23,
        "Total Revenue": 640,
        "Gross Profit": 152,
        "Operating Income": 61,
        "EBIT": 106,
        "Net Income": 33
    },
    "2020-06-30": {
        "Diluted EPS": 0.17,
        "Total Revenue": 582,
        "Gross Profit": 131,
        "Operating Income": 41,
        "EBIT": 85,
        "Net Income": 25
    },
    "2020-03-31": {
        "Diluted EPS": 0.19,
        "Total Revenue": 613,
        "Gross Profit": 147,
        "Operating Income": 47,
        "EBIT": 93,
        "Net Income": 27
    },
    "2019-12-31": {
        "Diluted EPS": 0.09,
        "Total Revenue": 610,
        "Gross Profit": 135,
        "Operating Income": 24,
        "EBIT": 70,
        "Net Income": 14
    },
    "2019-09-30": {
        "Diluted EPS": 0.21,
        "Total Revenue": 628,
        "Gross Profit": 150,
        "Operating Income": 51,
        "EBIT": 96,
        "Net Income": 30
    },
    "2019-06-30": {
        "Diluted EPS": 0.31,
        "Total Revenue": 685,
        "Gross Profit": 175,
        "Operating Income": 79,
        "EBIT": 124,
        "Net Income": 44
    },
    "2019-03-31": {
        "Diluted EPS": 0.52,
        "Total Revenue": 745,
        "Gross Profit": 211,
        "Operating Income": 108,
        "EBIT": 152,
        "Net Income": 75
    },
    "2018-12-31": {
        "Diluted EPS": 0.69,
        "Total Revenue": 776,
        "Gross Profit": 220,
        "Operating Income": 120,
        "EBIT": 163,
        "Net Income": 102
    },
    "2018-09-30": {
        "Diluted EPS": 0.51,
        "Total Revenue": 781,
        "Gross Profit": 236,
        "Operating Income": 138,
        "EBIT": 183,
        "Net Income": 78
    },
    "2018-06-30": {
        "Diluted EPS": 0.65,
        "Total Revenue": 761,
        "Gross Profit": 227,
        "Operating Income": 123,
        "EBIT": 166,
        "Net Income": 103
    },
    "2018-03-31": {
        "Diluted EPS": 0.39,
        "Total Revenue": 717,
        "Gross Profit": 205,
        "Operating Income": 104,
        "EBIT": 146,
        "Net Income": 62
    },
    "2017-12-31": {
        "Diluted EPS": -1.15,
        "Total Revenue": 673,
        "Gross Profit": 177,
        "Operating Income": 76,
        "EBIT": 119,
        "Net Income": -178
    },
    "2017-09-30": {
        "Diluted EPS": 0.41,
        "Total Revenue": 678,
        "Gross Profit": 190,
        "Operating Income": 95,
        "EBIT": 138,
        "Net Income": 64
    },
    "2017-06-30": {
        "Diluted EPS": 0.36,
        "Total Revenue": 643,
        "Gross Profit": 174,
        "Operating Income": 85,
        "EBIT": 126,
        "Net Income": 56
    },
    "2017-03-31": {
        "Diluted EPS": 0.24,
        "Total Revenue": 605,
        "Gross Profit": 162,
        "Operating Income": 68,
        "EBIT": 109,
        "Net Income": 37
    },
    "2016-12-31": {
        "Diluted EPS": -0.33,
        "Total Revenue": 565,
        "Gross Profit": 136,
        "Operating Income": 50,
        "EBIT": 91,
        "Net Income": -49
    },
    "2016-09-30": {
        "Diluted EPS": 0.24,
        "Total Revenue": 592,
        "Gross Profit": 154,
        "Operating Income": 57,
        "EBIT": 100,
        "Net Income": 36
    },
    "2016-06-30": {
        "Diluted EPS": 0.22,
        "Total Revenue": 590,
        "Gross Profit": 146,
        "Operating Income": 49,
        "EBIT": 90,
        "Net Income": 33
    },
    "2016-03-31": {
        "Diluted EPS": 0.19,
        "Total Revenue": 571,
        "Gross Profit": 137,
        "Operating Income": 41,
        "EBIT": 82,
        "Net Income": 28
    },
    "2015-12-31": {
        "Diluted EPS": -0.91,
        "Total Revenue": 556,
        "Gross Profit": 126,
        "Operating Income": 30,
        "EBIT": 73,
        "Net Income": -138
    },
    "2015-09-30": {
        "Diluted EPS": -0.19,
        "Total Revenue": 561,
        "Gross Profit": 130,
        "Operating Income": -24,
        "EBIT": 84,
        "Net Income": -28
    },
    "2015-06-30": {
        "Diluted EPS": 0.17,
        "Total Revenue": 590,
        "Gross Profit": 141,
        "Operating Income": 44,
        "EBIT": 90,
        "Net Income": 26
    },
    "2015-03-31": {
        "Diluted EPS": 0.2,
        "Total Revenue": 593,
        "Gross Profit": 145,
        "Operating Income": 48,
        "EBIT": 94,
        "Net Income": 31
    },
    "2014-12-31": {
        "Diluted EPS": 0.2,
        "Total Revenue": 611,
        "Gross Profit": 144,
        "Operating Income": 43,
        "EBIT": 91,
        "Net Income": 29
    },
    "2014-09-30": {
        "Diluted EPS": 0.17,
        "Total Revenue": 638,
        "Gross Profit": 158,
        "Operating Income": 45,
        "EBIT": 92,
        "Net Income": 27
    },
    "2014-06-30": {
        "Diluted EPS": 0.23,
        "Total Revenue": 642,
        "Gross Profit": 164,
        "Operating Income": 58,
        "EBIT": 102,
        "Net Income": 36
    },
    "2014-03-31": {
        "Diluted EPS": 0.17,
        "Total Revenue": 602,
        "Gross Profit": 145,
        "Operating Income": 43,
        "EBIT": 87,
        "Net Income": 26
    },
    "2013-12-31": {
        "Diluted EPS": 0.19,
        "Total Revenue": 616,
        "Gross Profit": 144,
        "Operating Income": 47,
        "EBIT": 92,
        "Net Income": 30
    },
    "2013-09-30": {
        "Diluted EPS": 0.22,
        "Total Revenue": 603,
        "Gross Profit": 143,
        "Operating Income": 53,
        "EBIT": 96,
        "Net Income": 33
    },
    "2013-06-30": {
        "Diluted EPS": 0.21,
        "Total Revenue": 598,
        "Gross Profit": 143,
        "Operating Income": 52,
        "EBIT": 95,
        "Net Income": 31
    },
    "2013-03-31": {
        "Diluted EPS": 0.19,
        "Total Revenue": 554,
        "Gross Profit": 137,
        "Operating Income": 46,
        "EBIT": 88,
        "Net Income": 29
    },
    "2012-12-31": {
        "Diluted EPS": 0.14,
        "Total Revenue": 531,
        "Gross Profit": 109,
        "Operating Income": 22,
        "EBIT": 66,
        "Net Income": 21
    },
    "2012-09-30": {
        "Diluted EPS": 0.15,
        "Total Revenue": 573,
        "Gross Profit": 134,
        "Operating Income": 44,
        "EBIT": 87,
        "Net Income": 22
    },
    "2012-06-30": {
        "Diluted EPS": 0.29,
        "Total Revenue": 588,
        "Gross Profit": 148,
        "Operating Income": 73,
        "EBIT": 115,
        "Net Income": 46
    },
    "2012-03-31": {
        "Diluted EPS": 0.21,
        "Total Revenue": 539,
        "Gross Profit": 137,
        "Operating Income": 50,
        "EBIT": 93,
        "Net Income": 34
    },
    "2011-12-31": {
        "Diluted EPS": 0.2,
        "Total Revenue": 551,
        "Gross Profit": 126,
        "Operating Income": 34,
        "EBIT": 79,
        "Net Income": 31
    },
    "2011-09-30": {
        "Diluted EPS": 0.31,
        "Total Revenue": 638,
        "Gross Profit": 167,
        "Operating Income": 75,
        "EBIT": 120,
        "Net Income": 50
    },
    "2011-06-30": {
        "Diluted EPS": 0.48,
        "Total Revenue": 710,
        "Gross Profit": 212,
        "Operating Income": 116,
        "EBIT": 162,
        "Net Income": 82
    },
    "2011-03-31": {
        "Diluted EPS": 0.43,
        "Total Revenue": 695,
        "Gross Profit": 215,
        "Operating Income": 122,
        "EBIT": 168,
        "Net Income": 75
    },
    "2010-12-31": {
        "Diluted EPS": 0.78,
        "Total Revenue": 689,
        "Gross Profit": 212,
        "Operating Income": 121,
        "EBIT": 167,
        "Net Income": 147
    },
    "2010-09-30": {
        "Diluted EPS": 0.47,
        "Total Revenue": 694,
        "Gross Profit": 218,
        "Operating Income": 131,
        "EBIT": 175,
        "Net Income": 90
    },
    "2010-06-30": {
        "Diluted EPS": 0.4,
        "Total Revenue": 702,
        "Gross Profit": 211,
        "Operating Income": 101,
        "EBIT": 150,
        "Net Income": 77
    },
    "2010-03-31": {
        "Diluted EPS": 0.24,
        "Total Revenue": 640,
        "Gross Profit": 167,
        "Operating Income": 65,
        "EBIT": 116,
        "Net Income": 45
    },
    "2009-12-31": {
        "Diluted EPS": 0.16,
        "Total Revenue": 607,
        "Gross Profit": 137,
        "Operating Income": 35,
        "EBIT": 94,
        "Net Income": 28
    },
    "2009-09-30": {
        "Diluted EPS": 0.01,
        "Total Revenue": 525,
        "Gross Profit": 104,
        "Operating Income": 11,
        "EBIT": 70,
        "Net Income": 2
    },
    "2009-06-30": {
        "Diluted EPS": -0.32,
        "Total Revenue": 460,
        "Gross Profit": 79,
        "Operating Income": -47,
        "EBIT": 9,
        "Net Income": -59
    },
    "2009-03-31": {
        "Diluted EPS": -0.16,
        "Total Revenue": 450,
        "Gross Profit": 68,
        "Operating Income": -38,
        "EBIT": 16,
        "Net Income": -29
    },
    "2023-06-30": {
        "Tax Effect Of Unusual Items": 0.0,
        "Tax Rate For Calcs": 0.285115,
        "Normalized EBITDA": 184266000.0,
        "Total Unusual Items": 1010000.0,
        "Total Unusual Items Excluding Goodwill": 1010000.0,
        "Net Income From Continuing Operation Net Minority Interest": 95038000.0,
        "Reconciled Depreciation": 44393000.0,
        "Reconciled Cost Of Revenue": 634637000.0,
        "EBITDA": 184266000.0,
        "EBIT": 139873000.0,
        "Net Interest Income": -6404000.0,
        "Interest Expense": 6404000.0,
        "Interest Income": 6292000.0,
        "Normalized Income": 95038000.0,
        "Net Income From Continuing And Discontinued Operation": 95038000.0,
        "Total Expenses": 757494000.0,
        "Total Operating Income As Reported": 134616000.0,
        "Diluted Average Shares": 140478000.0,
        "Basic Average Shares": 139764000.0,
        "Diluted EPS": 0.68,
        "Basic EPS": 0.68,
        "Diluted NI Availto Com Stockholders": 95038000.0,
        "Net Income Common Stockholders": 95038000.0,
        "Net Income": 95038000.0,
        "Minority Interests": -377000.0,
        "Net Income Including Noncontrolling Interests": 95415000.0,
        "Net Income Continuous Operations": 95415000.0,
        "Tax Provision": 38054000.0,
        "Pretax Income": 133469000.0,
        "Other Income Expense": 5257000.0,
        "Other Non Operating Income Expenses": 5257000.0,
        "Gain On Sale Of Security": 1010000.0,
        "Net Non Operating Interest Income Expense": -6404000.0,
        "Interest Expense Non Operating": 6404000.0,
        "Interest Income Non Operating": 6292000.0,
        "Operating Income": 134616000.0,
        "Operating Expense": 122857000.0,
        "Selling General And Administration": 122857000.0,
        "General And Administrative Expense": 122857000.0,
        "Other Gand A": 122857000.0,
        "Gross Profit": 257473000.0,
        "Cost Of Revenue": 634637000.0,
        "Total Revenue": 892110000.0,
        "Operating Revenue": 892110000.0
    }
}