{
    "2023-03-31": {
        "Tax Effect Of Unusual Items": -3529200.0,
        "Tax Rate For Calcs": 0.34,
        "Normalized EBITDA": 157296000.0,
        "Total Unusual Items": -10380000.0,
        "Total Unusual Items Excluding Goodwill": -10380000.0,
        "Net Income From Continuing Operation Net Minority Interest": -2278000.0,
        "Reconciled Depreciation": 70832000.0,
        "Reconciled Cost Of Revenue": 155126000.0,
        "EBITDA": 146916000.0,
        "EBIT": 76084000.0,
        "Net Interest Income": -59185000.0,
        "Interest Expense": 75816000.0,
        "Interest Income": 16631000.0,
        "Normalized Income": 4572800.0,
        "Net Income From Continuing And Discontinued Operation": -2278000.0,
        "Total Expenses": 332474000.0,
        "Diluted Average Shares": 82650902.0,
        "Basic Average Shares": 82650902.0,
        "Diluted EPS": -0.027562,
        "Basic EPS": -0.027562,
        "Diluted NI Availto Com Stockholders": -2278000.0,
        "Net Income Common Stockholders": -2278000.0,
        "Net Income": -2278000.0,
        "Minority Interests": -54000.0,
        "Net Income Including Noncontrolling Interests": -2224000.0,
        "Net Income Continuous Operations": -2224000.0,
        "Tax Provision": 2492000.0,
        "Pretax Income": 268000.0,
        "Other Income Expense": -10908000.0,
        "Special Income Charges": -10380000.0,
        "Write Off": 10380000.0,
        "Earnings From Equity Interest": -528000.0,
        "Gain On Sale Of Security": NaN,
        "Net Non Operating Interest Income Expense": -59185000.0,
        "Total Other Finance Cost": NaN,
        "Interest Expense Non Operating": 75816000.0,
        "Interest Income Non Operating": 16631000.0,
        "Operating Income": 70361000.0,
        "Operating Expense": 177348000.0,
        "Other Operating Expenses": 50067000.0,
        "Selling General And Administration": 127281000.0,
        "Selling And Marketing Expense": NaN,
        "General And Administrative Expense": 127281000.0,
        "Other Gand A": 127281000.0,
        "Gross Profit": 247709000.0,
        "Cost Of Revenue": 155126000.0,
        "Total Revenue": 402835000.0,
        "Operating Revenue": 402835000.0
    },
    "2022-12-31": {
        "Tax Effect Of Unusual Items": 3596621.496283,
        "Tax Rate For Calcs": 0.137375,
        "Normalized EBITDA": 195844000.0,
        "Total Unusual Items": 26181000.0,
        "Total Unusual Items Excluding Goodwill": 26181000.0,
        "Net Income From Continuing Operation Net Minority Interest": 75892000.0,
        "Reconciled Depreciation": 69873000.0,
        "Reconciled Cost Of Revenue": 172077000.0,
        "EBITDA": 222025000.0,
        "EBIT": 152152000.0,
        "Net Interest Income": -96769000.0,
        "Interest Expense": 64174000.0,
        "Interest Income": NaN,
        "Normalized Income": 53307621.496283,
        "Net Income From Continuing And Discontinued Operation": 75892000.0,
        "Total Expenses": 344091000.0,
        "Diluted Average Shares": NaN,
        "Basic Average Shares": NaN,
        "Diluted EPS": NaN,
        "Basic EPS": NaN,
        "Diluted NI Availto Com Stockholders": 75892000.0,
        "Net Income Common Stockholders": 75892000.0,
        "Net Income": 75892000.0,
        "Minority Interests": NaN,
        "Net Income Including Noncontrolling Interests": 75892000.0,
        "Net Income Continuous Operations": 75892000.0,
        "Tax Provision": 12086000.0,
        "Pretax Income": 87978000.0,
        "Other Income Expense": 23819000.0,
        "Special Income Charges": -28773000.0,
        "Write Off": 28773000.0,
        "Earnings From Equity Interest": -2362000.0,
        "Gain On Sale Of Security": NaN,
        "Net Non Operating Interest Income Expense": -96769000.0,
        "Total Other Finance Cost": NaN,
        "Interest Expense Non Operating": 64174000.0,
        "Interest Income Non Operating": NaN,
        "Operating Income": 160928000.0,
        "Operating Expense": 172014000.0,
        "Other Operating Expenses": 1921000.0,
        "Selling General And Administration": 170093000.0,
        "Selling And Marketing Expense": 50205000.0,
        "General And Administrative Expense": 119888000.0,
        "Other Gand A": 119888000.0,
        "Gross Profit": 332942000.0,
        "Cost Of Revenue": 172077000.0,
        "Total Revenue": 505019000.0,
        "Operating Revenue": 505019000.0
    },
    "2022-09-30": {
        "Tax Effect Of Unusual Items": -1307499.962032,
        "Tax Rate For Calcs": 0.278666,
        "Normalized EBITDA": 34715000.0,
        "Total Unusual Items": -4692000.0,
        "Total Unusual Items Excluding Goodwill": -4692000.0,
        "Net Income From Continuing Operation Net Minority Interest": -75994000.0,
        "Reconciled Depreciation": 66949000.0,
        "Reconciled Cost Of Revenue": 91855000.0,
        "EBITDA": 30023000.0,
        "EBIT": -36926000.0,
        "Net Interest Income": -49252000.0,
        "Interest Expense": 68426000.0,
        "Interest Income": 19174000.0,
        "Normalized Income": -72609499.962032,
        "Net Income From Continuing And Discontinued Operation": -75994000.0,
        "Total Expenses": 237982000.0,
        "Diluted Average Shares": 83509890.0,
        "Basic Average Shares": 83509890.0,
        "Diluted EPS": -0.91,
        "Basic EPS": -0.91,
        "Diluted NI Availto Com Stockholders": -75994000.0,
        "Net Income Common Stockholders": -75994000.0,
        "Net Income": -75994000.0,
        "Minority Interests": NaN,
        "Net Income Including Noncontrolling Interests": -75994000.0,
        "Net Income Continuous Operations": -75994000.0,
        "Tax Provision": -29358000.0,
        "Pretax Income": -105352000.0,
        "Other Income Expense": -6842000.0,
        "Special Income Charges": -4692000.0,
        "Write Off": 4692000.0,
        "Earnings From Equity Interest": -2150000.0,
        "Gain On Sale Of Security": NaN,
        "Net Non Operating Interest Income Expense": -49252000.0,
        "Total Other Finance Cost": NaN,
        "Interest Expense Non Operating": 68426000.0,
        "Interest Income Non Operating": 19174000.0,
        "Operating Income": -49258000.0,
        "Operating Expense": 146127000.0,
        "Other Operating Expenses": -1301000.0,
        "Selling General And Administration": 147428000.0,
        "Selling And Marketing Expense": 48917000.0,
        "General And Administrative Expense": 98511000.0,
        "Other Gand A": 98511000.0,
        "Gross Profit": 96869000.0,
        "Cost Of Revenue": 91855000.0,
        "Total Revenue": 188724000.0,
        "Operating Revenue": 188724000.0
    },
    "2022-06-30": {
        "Tax Effect Of Unusual Items": 4138434.288,
        "Tax Rate For Calcs": 0.350655,
        "Normalized EBITDA": 9119000.0,
        "Total Unusual Items": 11802000.0,
        "Total Unusual Items Excluding Goodwill": 11802000.0,
        "Net Income From Continuing Operation Net Minority Interest": -74661000.0,
        "Reconciled Depreciation": 67605000.0,
        "Reconciled Cost Of Revenue": 79966000.0,
        "EBITDA": 20921000.0,
        "EBIT": -46684000.0,
        "Net Interest Income": -63351000.0,
        "Interest Expense": 68295000.0,
        "Interest Income": NaN,
        "Normalized Income": -82324565.712,
        "Net Income From Continuing And Discontinued Operation": -74661000.0,
        "Total Expenses": 253386000.0,
        "Diluted Average Shares": 83479000.0,
        "Basic Average Shares": 83479000.0,
        "Diluted EPS": -0.89,
        "Basic EPS": -0.89,
        "Diluted NI Availto Com Stockholders": -74661000.0,
        "Net Income Common Stockholders": -74661000.0,
        "Net Income": -74661000.0,
        "Minority Interests": NaN,
        "Net Income Including Noncontrolling Interests": -74661000.0,
        "Net Income Continuous Operations": -74661000.0,
        "Tax Provision": -40318000.0,
        "Pretax Income": -114979000.0,
        "Other Income Expense": 11802000.0,
        "Special Income Charges": -3543000.0,
        "Write Off": 3543000.0,
        "Earnings From Equity Interest": NaN,
        "Gain On Sale Of Security": 15345000.0,
        "Net Non Operating Interest Income Expense": -63351000.0,
        "Total Other Finance Cost": -4944000.0,
        "Interest Expense Non Operating": 68295000.0,
        "Interest Income Non Operating": NaN,
        "Operating Income": -63430000.0,
        "Operating Expense": 173420000.0,
        "Other Operating Expenses": -707000.0,
        "Selling General And Administration": 174127000.0,
        "Selling And Marketing Expense": 46988000.0,
        "General And Administrative Expense": 127139000.0,
        "Other Gand A": 127139000.0,
        "Gross Profit": 109990000.0,
        "Cost Of Revenue": 79966000.0,
        "Total Revenue": 189956000.0,
        "Operating Revenue": 189956000.0
    },
    "2022-03-31": {
        "Diluted EPS": 0.05,
        "Total Revenue": 73,
        "Gross Profit": 48,
        "Operating Income": 13,
        "EBIT": 26,
        "Net Income": 4
    },
    "2021-12-31": {
        "Diluted EPS": 0.05,
        "Total Revenue": 73,
        "Gross Profit": 48,
        "Operating Income": 16,
        "EBIT": 27,
        "Net Income": 4
    },
    "2021-09-30": {
        "Diluted EPS": -0.16,
        "Total Revenue": 24,
        "Gross Profit": 9,
        "Operating Income": -16,
        "EBIT": -6,
        "Net Income": -14
    },
    "2021-06-30": {
        "Diluted EPS": -0.14,
        "Total Revenue": 27,
        "Gross Profit": 14,
        "Operating Income": -14,
        "EBIT": -5,
        "Net Income": -12
    },
    "2021-03-31": {
        "Diluted EPS": -0.01,
        "Total Revenue": 51,
        "Gross Profit": 31,
        "Operating Income": 1,
        "EBIT": 10,
        "Net Income": -1
    },
    "2020-12-31": {
        "Diluted EPS": 0.0,
        "Total Revenue": NaN,
        "Gross Profit": NaN,
        "Operating Income": NaN,
        "EBIT": NaN,
        "Net Income": NaN
    },
    "2020-09-30": {
        "Diluted EPS": 0.0,
        "Total Revenue": 26,
        "Gross Profit": 26,
        "Operating Income": 26,
        "EBIT": 26,
        "Net Income": -8
    },
    "2023-06-30": {
        "Tax Effect Of Unusual Items": 3299975.296362,
        "Tax Rate For Calcs": 0.359083,
        "Normalized EBITDA": 18761000.0,
        "Total Unusual Items": 9190000.0,
        "Total Unusual Items Excluding Goodwill": 9190000.0,
        "Net Income From Continuing Operation Net Minority Interest": -79230000.0,
        "Reconciled Depreciation": 69776000.0,
        "Reconciled Cost Of Revenue": 119177000.0,
        "EBITDA": 27951000.0,
        "EBIT": -41825000.0,
        "Net Interest Income": -75502000.0,
        "Interest Expense": 80829000.0,
        "Interest Income": NaN,
        "Normalized Income": -85120024.703638,
        "Net Income From Continuing And Discontinued Operation": -79230000.0,
        "Total Expenses": 325612000.0,
        "Diluted Average Shares": 83730000.0,
        "Basic Average Shares": 83730000.0,
        "Diluted EPS": -0.94,
        "Basic EPS": -0.94,
        "Diluted NI Availto Com Stockholders": -79230000.0,
        "Net Income Common Stockholders": -79230000.0,
        "Net Income": -79230000.0,
        "Minority Interests": -619000.0,
        "Net Income Including Noncontrolling Interests": -78611000.0,
        "Net Income Continuous Operations": -78611000.0,
        "Tax Provision": -44043000.0,
        "Pretax Income": -122654000.0,
        "Other Income Expense": 7064000.0,
        "Special Income Charges": -1028000.0,
        "Write Off": 1028000.0,
        "Earnings From Equity Interest": -2126000.0,
        "Gain On Sale Of Security": 10218000.0,
        "Net Non Operating Interest Income Expense": -75502000.0,
        "Total Other Finance Cost": -5327000.0,
        "Interest Expense Non Operating": 80829000.0,
        "Interest Income Non Operating": NaN,
        "Operating Income": -54216000.0,
        "Operating Expense": 206435000.0,
        "Other Operating Expenses": 23481000.0,
        "Selling General And Administration": 182954000.0,
        "Selling And Marketing Expense": 64863000.0,
        "General And Administrative Expense": 118091000.0,
        "Other Gand A": 118091000.0,
        "Gross Profit": 152219000.0,
        "Cost Of Revenue": 119177000.0,
        "Total Revenue": 271396000.0,
        "Operating Revenue": 271396000.0
    },
    "2023-09-30": {
        "Tax Effect Of Unusual Items": -5521837.229214,
        "Tax Rate For Calcs": 0.359284,
        "Normalized EBITDA": 58735000.0,
        "Total Unusual Items": -15369000.0,
        "Total Unusual Items Excluding Goodwill": -15369000.0,
        "Net Income From Continuing Operation Net Minority Interest": -62389000.0,
        "Reconciled Depreciation": 65340000.0,
        "Reconciled Cost Of Revenue": 101161000.0,
        "EBITDA": 43366000.0,
        "EBIT": -21974000.0,
        "Net Interest Income": -55455000.0,
        "Interest Expense": 74966000.0,
        "Interest Income": 19511000.0,
        "Normalized Income": -52541837.229214,
        "Net Income From Continuing And Discontinued Operation": -62389000.0,
        "Total Expenses": 281171000.0,
        "Diluted Average Shares": 84309459.0,
        "Basic Average Shares": 84309459.0,
        "Diluted EPS": -0.74,
        "Basic EPS": -0.74,
        "Diluted NI Availto Com Stockholders": -62389000.0,
        "Net Income Common Stockholders": -62389000.0,
        "Net Income": -62389000.0,
        "Minority Interests": -278000.0,
        "Net Income Including Noncontrolling Interests": -62111000.0,
        "Net Income Continuous Operations": -62111000.0,
        "Tax Provision": -34829000.0,
        "Pretax Income": -96940000.0,
        "Other Income Expense": -18247000.0,
        "Special Income Charges": -15369000.0,
        "Write Off": 15369000.0,
        "Earnings From Equity Interest": -2878000.0,
        "Gain On Sale Of Security": NaN,
        "Net Non Operating Interest Income Expense": -55455000.0,
        "Total Other Finance Cost": NaN,
        "Interest Expense Non Operating": 74966000.0,
        "Interest Income Non Operating": 19511000.0,
        "Operating Income": -23238000.0,
        "Operating Expense": 180010000.0,
        "Other Operating Expenses": -7534000.0,
        "Selling General And Administration": 187544000.0,
        "Selling And Marketing Expense": 63044000.0,
        "General And Administrative Expense": 124500000.0,
        "Other Gand A": 124500000.0,
        "Gross Profit": 156772000.0,
        "Cost Of Revenue": 101161000.0,
        "Total Revenue": 257933000.0,
        "Operating Revenue": 257933000.0
    },
    "2023-12-31": {
        "Tax Effect Of Unusual Items": 4442508.436976,
        "Tax Rate For Calcs": 0.398039,
        "Normalized EBITDA": 228667000.0,
        "Total Unusual Items": 11161000.0,
        "Total Unusual Items Excluding Goodwill": 11161000.0,
        "Net Income From Continuing Operation Net Minority Interest": 60124000.0,
        "Reconciled Depreciation": 81831000.0,
        "Reconciled Cost Of Revenue": 195443000.0,
        "EBITDA": 239828000.0,
        "EBIT": 157997000.0,
        "Net Interest Income": -94872000.0,
        "Interest Expense": 58376000.0,
        "Interest Income": NaN,
        "Normalized Income": 53405508.436976,
        "Net Income From Continuing And Discontinued Operation": 60124000.0,
        "Total Expenses": 357654000.0,
        "Diluted Average Shares": NaN,
        "Basic Average Shares": NaN,
        "Diluted EPS": NaN,
        "Basic EPS": NaN,
        "Diluted NI Availto Com Stockholders": 60124000.0,
        "Net Income Common Stockholders": 60124000.0,
        "Net Income": 60124000.0,
        "Minority Interests": 156000.0,
        "Net Income Including Noncontrolling Interests": 59968000.0,
        "Net Income Continuous Operations": 59968000.0,
        "Tax Provision": 39653000.0,
        "Pretax Income": 99621000.0,
        "Other Income Expense": -1962000.0,
        "Special Income Charges": -28994000.0,
        "Write Off": 28994000.0,
        "Earnings From Equity Interest": -13123000.0,
        "Gain On Sale Of Security": NaN,
        "Net Non Operating Interest Income Expense": -94872000.0,
        "Total Other Finance Cost": NaN,
        "Interest Expense Non Operating": 58376000.0,
        "Interest Income Non Operating": NaN,
        "Operating Income": 196455000.0,
        "Operating Expense": 162211000.0,
        "Other Operating Expenses": -568000.0,
        "Selling General And Administration": 162779000.0,
        "Selling And Marketing Expense": 67128000.0,
        "General And Administrative Expense": 95651000.0,
        "Other Gand A": 95651000.0,
        "Gross Profit": 358666000.0,
        "Cost Of Revenue": 195443000.0,
        "Total Revenue": 554109000.0,
        "Operating Revenue": 554109000.0
    }
}