{
    "2023-06-30": {
        "Tax Effect Of Unusual Items": 0.0,
        "Tax Rate For Calcs": 0.23,
        "Normalized EBITDA": 116572000.0,
        "Total Unusual Items": NaN,
        "Total Unusual Items Excluding Goodwill": NaN,
        "Net Income From Continuing Operation Net Minority Interest": 58100000.0,
        "Reconciled Depreciation": 24927000.0,
        "Reconciled Cost Of Revenue": 466576000.0,
        "EBITDA": 116572000.0,
        "EBIT": 91645000.0,
        "Net Interest Income": -16218000.0,
        "Interest Expense": 16218000.0,
        "Normalized Income": 58100000.0,
        "Net Income From Continuing And Discontinued Operation": 58100000.0,
        "Total Expenses": 601147000.0,
        "Total Operating Income As Reported": 92186000.0,
        "Diluted Average Shares": 58541000.0,
        "Basic Average Shares": 57455000.0,
        "Diluted EPS": 0.99,
        "Basic EPS": 1.01,
        "Diluted NI Availto Com Stockholders": 58100000.0,
        "Net Income Common Stockholders": 58100000.0,
        "Net Income": 58100000.0,
        "Net Income Including Noncontrolling Interests": 58100000.0,
        "Net Income Continuous Operations": 58100000.0,
        "Tax Provision": 17327000.0,
        "Pretax Income": 75427000.0,
        "Other Income Expense": -541000.0,
        "Other Non Operating Income Expenses": -541000.0,
        "Special Income Charges": NaN,
        "Impairment Of Capital Assets": NaN,
        "Net Non Operating Interest Income Expense": -16218000.0,
        "Interest Expense Non Operating": 16218000.0,
        "Operating Income": 92186000.0,
        "Operating Expense": 134571000.0,
        "Research And Development": 12080000.0,
        "Selling General And Administration": 122491000.0,
        "Gross Profit": 226757000.0,
        "Cost Of Revenue": 466576000.0,
        "Total Revenue": 693333000.0,
        "Operating Revenue": 693333000.0
    },
    "2023-03-31": {
        "Tax Effect Of Unusual Items": -20963880.0,
        "Tax Rate For Calcs": 0.056,
        "Normalized EBITDA": 107674000.0,
        "Total Unusual Items": -374355000.0,
        "Total Unusual Items Excluding Goodwill": -374355000.0,
        "Net Income From Continuing Operation Net Minority Interest": -294335000.0,
        "Reconciled Depreciation": 24998000.0,
        "Reconciled Cost Of Revenue": 504995000.0,
        "EBITDA": -266681000.0,
        "EBIT": -291679000.0,
        "Net Interest Income": -20120000.0,
        "Interest Expense": 20120000.0,
        "Normalized Income": 59056120.0,
        "Net Income From Continuing And Discontinued Operation": -294335000.0,
        "Total Expenses": 658810000.0,
        "Total Operating Income As Reported": NaN,
        "Diluted Average Shares": 56786000.0,
        "Basic Average Shares": 56786000.0,
        "Diluted EPS": -5.18,
        "Basic EPS": -5.18,
        "Diluted NI Availto Com Stockholders": -294335000.0,
        "Net Income Common Stockholders": -294335000.0,
        "Net Income": -294335000.0,
        "Net Income Including Noncontrolling Interests": -294335000.0,
        "Net Income Continuous Operations": -294335000.0,
        "Tax Provision": -17464000.0,
        "Pretax Income": -311799000.0,
        "Other Income Expense": -373611000.0,
        "Other Non Operating Income Expenses": 744000.0,
        "Special Income Charges": -374355000.0,
        "Impairment Of Capital Assets": 374355000.0,
        "Net Non Operating Interest Income Expense": -20120000.0,
        "Interest Expense Non Operating": 20120000.0,
        "Operating Income": 81932000.0,
        "Operating Expense": 153815000.0,
        "Research And Development": 12776000.0,
        "Selling General And Administration": 141039000.0,
        "Gross Profit": 235747000.0,
        "Cost Of Revenue": 504995000.0,
        "Total Revenue": 740742000.0,
        "Operating Revenue": 740742000.0
    },
    "2022-12-31": {
        "Tax Effect Of Unusual Items": 0.0,
        "Tax Rate For Calcs": 0.169,
        "Normalized EBITDA": 122116000.0,
        "Total Unusual Items": NaN,
        "Total Unusual Items Excluding Goodwill": NaN,
        "Net Income From Continuing Operation Net Minority Interest": 65147000.0,
        "Reconciled Depreciation": 24791000.0,
        "Reconciled Cost Of Revenue": 515969000.0,
        "EBITDA": 122116000.0,
        "EBIT": 97325000.0,
        "Net Interest Income": -18953000.0,
        "Interest Expense": 18953000.0,
        "Normalized Income": 65147000.0,
        "Net Income From Continuing And Discontinued Operation": 65147000.0,
        "Total Expenses": 658089000.0,
        "Total Operating Income As Reported": NaN,
        "Diluted Average Shares": 57843000.0,
        "Basic Average Shares": 56574000.0,
        "Diluted EPS": 1.13,
        "Basic EPS": 1.15,
        "Diluted NI Availto Com Stockholders": 65147000.0,
        "Net Income Common Stockholders": 65147000.0,
        "Net Income": 65147000.0,
        "Net Income Including Noncontrolling Interests": 65147000.0,
        "Net Income Continuous Operations": 65147000.0,
        "Tax Provision": 13225000.0,
        "Pretax Income": 78372000.0,
        "Other Income Expense": 639000.0,
        "Other Non Operating Income Expenses": 639000.0,
        "Special Income Charges": NaN,
        "Impairment Of Capital Assets": NaN,
        "Net Non Operating Interest Income Expense": -18953000.0,
        "Interest Expense Non Operating": 18953000.0,
        "Operating Income": 96686000.0,
        "Operating Expense": 142120000.0,
        "Research And Development": 12382000.0,
        "Selling General And Administration": 129738000.0,
        "Gross Profit": 238806000.0,
        "Cost Of Revenue": 515969000.0,
        "Total Revenue": 754775000.0,
        "Operating Revenue": 754775000.0
    },
    "2022-09-30": {
        "Tax Effect Of Unusual Items": 0.0,
        "Tax Rate For Calcs": 0.208,
        "Normalized EBITDA": 131908000.0,
        "Total Unusual Items": NaN,
        "Total Unusual Items Excluding Goodwill": NaN,
        "Net Income From Continuing Operation Net Minority Interest": 93455000.0,
        "Reconciled Depreciation": 22984000.0,
        "Reconciled Cost Of Revenue": 518804000.0,
        "EBITDA": 131908000.0,
        "EBIT": 131908000.0,
        "Net Interest Income": -13934000.0,
        "Interest Expense": 13934000.0,
        "Normalized Income": 93455000.0,
        "Net Income From Continuing And Discontinued Operation": 93455000.0,
        "Total Expenses": 650511000.0,
        "Total Operating Income As Reported": NaN,
        "Diluted Average Shares": 57814000.0,
        "Basic Average Shares": 56553000.0,
        "Diluted EPS": 1.62,
        "Basic EPS": 1.65,
        "Diluted NI Availto Com Stockholders": 93455000.0,
        "Net Income Common Stockholders": 93455000.0,
        "Net Income": 93455000.0,
        "Net Income Including Noncontrolling Interests": 93455000.0,
        "Net Income Continuous Operations": 93455000.0,
        "Tax Provision": 24519000.0,
        "Pretax Income": 117974000.0,
        "Other Income Expense": 741000.0,
        "Other Non Operating Income Expenses": 741000.0,
        "Special Income Charges": NaN,
        "Impairment Of Capital Assets": NaN,
        "Net Non Operating Interest Income Expense": -13934000.0,
        "Interest Expense Non Operating": 13934000.0,
        "Operating Income": 131167000.0,
        "Operating Expense": 131707000.0,
        "Research And Development": 11154000.0,
        "Selling General And Administration": 120553000.0,
        "Gross Profit": 262874000.0,
        "Cost Of Revenue": 518804000.0,
        "Total Revenue": 781678000.0,
        "Operating Revenue": 781678000.0
    },
    "2022-06-30": {
        "Tax Effect Of Unusual Items": 0.0,
        "Tax Rate For Calcs": 0.241,
        "Normalized EBITDA": 191741000.0,
        "Total Unusual Items": NaN,
        "Total Unusual Items Excluding Goodwill": NaN,
        "Net Income From Continuing Operation Net Minority Interest": 126015000.0,
        "Reconciled Depreciation": 19316000.0,
        "Reconciled Cost Of Revenue": 509142000.0,
        "EBITDA": 191741000.0,
        "EBIT": 172425000.0,
        "Net Interest Income": -6310000.0,
        "Interest Expense": 6310000.0,
        "Normalized Income": 126015000.0,
        "Net Income From Continuing And Discontinued Operation": 126015000.0,
        "Total Expenses": 630187000.0,
        "Total Operating Income As Reported": NaN,
        "Diluted Average Shares": 58381000.0,
        "Basic Average Shares": 56486000.0,
        "Diluted EPS": 2.16,
        "Basic EPS": 2.23,
        "Diluted NI Availto Com Stockholders": 126015000.0,
        "Net Income Common Stockholders": 126015000.0,
        "Net Income": 126015000.0,
        "Net Income Including Noncontrolling Interests": 126015000.0,
        "Net Income Continuous Operations": 126015000.0,
        "Tax Provision": 40100000.0,
        "Pretax Income": 166115000.0,
        "Other Income Expense": NaN,
        "Other Non Operating Income Expenses": NaN,
        "Special Income Charges": NaN,
        "Impairment Of Capital Assets": NaN,
        "Net Non Operating Interest Income Expense": -6310000.0,
        "Interest Expense Non Operating": 6310000.0,
        "Operating Income": 172425000.0,
        "Operating Expense": 121045000.0,
        "Research And Development": 7897000.0,
        "Selling General And Administration": 113148000.0,
        "Gross Profit": 293470000.0,
        "Cost Of Revenue": 509142000.0,
        "Total Revenue": 802612000.0,
        "Operating Revenue": 802612000.0
    },
    "2022-03-31": {
        "Diluted EPS": 1.93,
        "Total Revenue": 809,
        "Gross Profit": 287,
        "Operating Income": 153,
        "EBIT": 174,
        "Net Income": 113
    },
    "2021-12-31": {
        "Diluted EPS": 2.0,
        "Total Revenue": 795,
        "Gross Profit": 281,
        "Operating Income": 159,
        "EBIT": 179,
        "Net Income": 118
    },
    "2021-09-30": {
        "Diluted EPS": 2.36,
        "Total Revenue": 778,
        "Gross Profit": 299,
        "Operating Income": 191,
        "EBIT": 208,
        "Net Income": 140
    },
    "2021-06-30": {
        "Diluted EPS": 1.71,
        "Total Revenue": 663,
        "Gross Profit": 241,
        "Operating Income": 144,
        "EBIT": 160,
        "Net Income": 103
    },
    "2021-03-31": {
        "Diluted EPS": 1.1,
        "Total Revenue": 597,
        "Gross Profit": 182,
        "Operating Income": 99,
        "EBIT": 118,
        "Net Income": 67
    },
    "2020-12-31": {
        "Diluted EPS": 1.31,
        "Total Revenue": 575,
        "Gross Profit": 163,
        "Operating Income": 69,
        "EBIT": 86,
        "Net Income": 79
    },
    "2020-09-30": {
        "Diluted EPS": 1.34,
        "Total Revenue": 575,
        "Gross Profit": 162,
        "Operating Income": 75,
        "EBIT": 91,
        "Net Income": 80
    },
    "2020-06-30": {
        "Diluted EPS": 0.69,
        "Total Revenue": 479,
        "Gross Profit": 125,
        "Operating Income": 48,
        "EBIT": 65,
        "Net Income": 40
    },
    "2020-03-31": {
        "Diluted EPS": -2.43,
        "Total Revenue": 426,
        "Gross Profit": 85,
        "Operating Income": -147,
        "EBIT": 25,
        "Net Income": -141
    },
    "2019-12-31": {
        "Diluted EPS": 0.25,
        "Total Revenue": 425,
        "Gross Profit": 89,
        "Operating Income": 19,
        "EBIT": 36,
        "Net Income": 15
    },
    "2019-09-30": {
        "Diluted EPS": -0.21,
        "Total Revenue": 445,
        "Gross Profit": 90,
        "Operating Income": 2,
        "EBIT": 25,
        "Net Income": -12
    },
    "2019-06-30": {
        "Diluted EPS": -0.29,
        "Total Revenue": 460,
        "Gross Profit": 95,
        "Operating Income": -5,
        "EBIT": 12,
        "Net Income": -17
    },
    "2019-03-31": {
        "Diluted EPS": -0.85,
        "Total Revenue": 515,
        "Gross Profit": 99,
        "Operating Income": -36,
        "EBIT": 62,
        "Net Income": -49
    },
    "2018-12-31": {
        "Diluted EPS": -8.94,
        "Total Revenue": 468,
        "Gross Profit": 94,
        "Operating Income": -515,
        "EBIT": -104,
        "Net Income": -515
    },
    "2018-09-30": {
        "Diluted EPS": -0.57,
        "Total Revenue": 547,
        "Gross Profit": 109,
        "Operating Income": -19,
        "EBIT": 73,
        "Net Income": -33
    },
    "2018-06-30": {
        "Diluted EPS": -0.91,
        "Total Revenue": 529,
        "Gross Profit": 113,
        "Operating Income": -40,
        "EBIT": -17,
        "Net Income": -52
    },
    "2018-03-31": {
        "Diluted EPS": -0.27,
        "Total Revenue": 571,
        "Gross Profit": 109,
        "Operating Income": -16,
        "EBIT": 7,
        "Net Income": -16
    },
    "2017-12-31": {
        "Diluted EPS": 0.94,
        "Total Revenue": 581,
        "Gross Profit": 126,
        "Operating Income": 19,
        "EBIT": 42,
        "Net Income": 54
    },
    "2017-09-30": {
        "Diluted EPS": -2.01,
        "Total Revenue": 587,
        "Gross Profit": 139,
        "Operating Income": -127,
        "EBIT": 49,
        "Net Income": -115
    },
    "2017-06-30": {
        "Diluted EPS": 0.29,
        "Total Revenue": 569,
        "Gross Profit": 147,
        "Operating Income": 39,
        "EBIT": 63,
        "Net Income": 17
    },
    "2017-03-31": {
        "Diluted EPS": 0.08,
        "Total Revenue": 579,
        "Gross Profit": 144,
        "Operating Income": 14,
        "EBIT": 37,
        "Net Income": 1
    },
    "2016-12-31": {
        "Diluted EPS": -6.44,
        "Total Revenue": 654,
        "Gross Profit": 169,
        "Operating Income": -385,
        "EBIT": 90,
        "Net Income": -378
    },
    "2016-09-30": {
        "Diluted EPS": 1.22,
        "Total Revenue": 684,
        "Gross Profit": 185,
        "Operating Income": 105,
        "EBIT": 129,
        "Net Income": 73
    },
    "2016-06-30": {
        "Diluted EPS": 0.48,
        "Total Revenue": 630,
        "Gross Profit": 171,
        "Operating Income": 59,
        "EBIT": 85,
        "Net Income": 29
    },
    "2016-03-31": {
        "Diluted EPS": 0.6,
        "Total Revenue": 612,
        "Gross Profit": 164,
        "Operating Income": 68,
        "EBIT": 88,
        "Net Income": 37
    },
    "2015-12-31": {
        "Diluted EPS": 0.7,
        "Total Revenue": 593,
        "Gross Profit": 168,
        "Operating Income": 75,
        "EBIT": 94,
        "Net Income": 43
    },
    "2015-09-30": {
        "Diluted EPS": 0.52,
        "Total Revenue": 551,
        "Gross Profit": 149,
        "Operating Income": 61,
        "EBIT": 79,
        "Net Income": 33
    },
    "2015-06-30": {
        "Diluted EPS": 0.53,
        "Total Revenue": 514,
        "Gross Profit": 139,
        "Operating Income": 59,
        "EBIT": 76,
        "Net Income": 34
    },
    "2015-03-31": {
        "Diluted EPS": 0.25,
        "Total Revenue": 485,
        "Gross Profit": 123,
        "Operating Income": 39,
        "EBIT": 58,
        "Net Income": 16
    },
    "2014-12-31": {
        "Diluted EPS": -0.17,
        "Total Revenue": 507,
        "Gross Profit": 134,
        "Operating Income": 11,
        "EBIT": 81,
        "Net Income": -11
    },
    "2014-09-30": {
        "Diluted EPS": 0.53,
        "Total Revenue": 525,
        "Gross Profit": 129,
        "Operating Income": 59,
        "EBIT": 76,
        "Net Income": 34
    },
    "2014-06-30": {
        "Diluted EPS": 0.64,
        "Total Revenue": 566,
        "Gross Profit": 143,
        "Operating Income": 75,
        "EBIT": 90,
        "Net Income": 41
    },
    "2014-03-31": {
        "Diluted EPS": 0.0,
        "Total Revenue": NaN,
        "Gross Profit": NaN,
        "Operating Income": NaN,
        "EBIT": NaN,
        "Net Income": NaN
    },
    "2013-12-31": {
        "Diluted EPS": 0.0,
        "Total Revenue": 524,
        "Gross Profit": 134,
        "Operating Income": 63,
        "EBIT": 78,
        "Net Income": 33
    },
    "2013-09-30": {
        "Diluted EPS": 0.0,
        "Total Revenue": NaN,
        "Gross Profit": NaN,
        "Operating Income": NaN,
        "EBIT": NaN,
        "Net Income": NaN
    },
    "2013-03-31": {
        "Diluted EPS": 0.0,
        "Total Revenue": NaN,
        "Gross Profit": NaN,
        "Operating Income": NaN,
        "EBIT": NaN,
        "Net Income": NaN
    },
    "2012-03-31": {
        "Diluted EPS": 0.0,
        "Total Revenue": NaN,
        "Gross Profit": NaN,
        "Operating Income": NaN,
        "EBIT": NaN,
        "Net Income": NaN
    }
}