{
    "2023-06-30": {
        "Tax Effect Of Unusual Items": NaN,
        "Tax Rate For Calcs": NaN,
        "Normalized EBITDA": NaN,
        "Net Income From Continuing Operation Net Minority Interest": NaN,
        "Reconciled Depreciation": NaN,
        "Reconciled Cost Of Revenue": NaN,
        "EBITDA": NaN,
        "EBIT": NaN,
        "Net Interest Income": NaN,
        "Interest Expense": NaN,
        "Normalized Income": NaN,
        "Net Income From Continuing And Discontinued Operation": NaN,
        "Total Expenses": NaN,
        "Total Operating Income As Reported": NaN,
        "Diluted Average Shares": 130725188.0,
        "Basic Average Shares": 130725188.0,
        "Diluted EPS": 0.373784,
        "Basic EPS": 0.373784,
        "Diluted NI Availto Com Stockholders": NaN,
        "Net Income Common Stockholders": NaN,
        "Net Income": NaN,
        "Net Income Including Noncontrolling Interests": NaN,
        "Net Income Continuous Operations": NaN,
        "Tax Provision": NaN,
        "Pretax Income": NaN,
        "Net Non Operating Interest Income Expense": NaN,
        "Interest Expense Non Operating": NaN,
        "Operating Income": NaN,
        "Operating Expense": NaN,
        "Depreciation Amortization Depletion Income Statement": NaN,
        "Depreciation And Amortization In Income Statement": NaN,
        "Selling General And Administration": NaN,
        "Gross Profit": NaN,
        "Cost Of Revenue": NaN,
        "Total Revenue": NaN,
        "Operating Revenue": NaN
    },
    "2022-09-30": {
        "Tax Effect Of Unusual Items": NaN,
        "Tax Rate For Calcs": NaN,
        "Normalized EBITDA": NaN,
        "Net Income From Continuing Operation Net Minority Interest": NaN,
        "Reconciled Depreciation": NaN,
        "Reconciled Cost Of Revenue": NaN,
        "EBITDA": NaN,
        "EBIT": NaN,
        "Net Interest Income": NaN,
        "Interest Expense": 115114000.0,
        "Interest Income": NaN,
        "Normalized Income": NaN,
        "Net Income From Continuing And Discontinued Operation": NaN,
        "Total Expenses": NaN,
        "Total Operating Income As Reported": NaN,
        "Diluted Average Shares": NaN,
        "Basic Average Shares": NaN,
        "Diluted EPS": NaN,
        "Basic EPS": NaN,
        "Diluted NI Availto Com Stockholders": NaN,
        "Net Income Common Stockholders": NaN,
        "Net Income": NaN,
        "Net Income Including Noncontrolling Interests": NaN,
        "Net Income Continuous Operations": NaN,
        "Tax Provision": NaN,
        "Pretax Income": NaN,
        "Net Non Operating Interest Income Expense": NaN,
        "Interest Expense Non Operating": 115114000.0,
        "Interest Income Non Operating": NaN,
        "Operating Income": NaN,
        "Operating Expense": NaN,
        "Depreciation Amortization Depletion Income Statement": NaN,
        "Depreciation And Amortization In Income Statement": NaN,
        "Selling General And Administration": NaN,
        "Gross Profit": NaN,
        "Cost Of Revenue": NaN,
        "Total Revenue": NaN,
        "Operating Revenue": NaN
    },
    "2023-09-30": {
        "Tax Effect Of Unusual Items": 0.0,
        "Tax Rate For Calcs": 0.193059,
        "Normalized EBITDA": 147053000.0,
        "Net Income From Continuing Operation Net Minority Interest": 160348000.0,
        "Reconciled Depreciation": 34792000.0,
        "Reconciled Cost Of Revenue": 490072000.0,
        "EBITDA": 147053000.0,
        "EBIT": 112261000.0,
        "Net Interest Income": 86450000.0,
        "Interest Expense": -86450000.0,
        "Normalized Income": 160348000.0,
        "Net Income From Continuing And Discontinued Operation": 160348000.0,
        "Total Expenses": 655471000.0,
        "Total Operating Income As Reported": 60430000.0,
        "Diluted Average Shares": 130725188.0,
        "Basic Average Shares": 130725188.0,
        "Diluted EPS": 0.718852,
        "Basic EPS": 0.718852,
        "Diluted NI Availto Com Stockholders": 160348000.0,
        "Net Income Common Stockholders": 160348000.0,
        "Net Income": 160348000.0,
        "Net Income Including Noncontrolling Interests": 160348000.0,
        "Net Income Continuous Operations": 160348000.0,
        "Tax Provision": 38363000.0,
        "Pretax Income": 198711000.0,
        "Net Non Operating Interest Income Expense": 86450000.0,
        "Interest Expense Non Operating": -86450000.0,
        "Operating Income": 60430000.0,
        "Operating Expense": 165399000.0,
        "Depreciation Amortization Depletion Income Statement": 34792000.0,
        "Depreciation And Amortization In Income Statement": 34792000.0,
        "Selling General And Administration": 130607000.0,
        "Gross Profit": 225829000.0,
        "Cost Of Revenue": 490072000.0,
        "Total Revenue": 715901000.0,
        "Operating Revenue": 715901000.0
    },
    "2023-12-31": {
        "Tax Effect Of Unusual Items": 0.0,
        "Tax Rate For Calcs": 0.271,
        "Normalized EBITDA": 83716000.0,
        "Net Income From Continuing Operation Net Minority Interest": 12266000.0,
        "Reconciled Depreciation": 35362000.0,
        "Reconciled Cost Of Revenue": 502381000.0,
        "EBITDA": 83716000.0,
        "EBIT": 48354000.0,
        "Net Interest Income": -31531000.0,
        "Interest Expense": 31531000.0,
        "Normalized Income": 12266000.0,
        "Net Income From Continuing And Discontinued Operation": 12266000.0,
        "Total Expenses": 670325000.0,
        "Total Operating Income As Reported": 47598000.0,
        "Diluted Average Shares": 131735000.0,
        "Basic Average Shares": 131390000.0,
        "Diluted EPS": 0.09,
        "Basic EPS": 0.09,
        "Diluted NI Availto Com Stockholders": 12266000.0,
        "Net Income Common Stockholders": 12266000.0,
        "Net Income": 12266000.0,
        "Net Income Including Noncontrolling Interests": 12266000.0,
        "Net Income Continuous Operations": 12266000.0,
        "Tax Provision": 4557000.0,
        "Pretax Income": 16823000.0,
        "Other Income Expense": 756000.0,
        "Other Non Operating Income Expenses": 756000.0,
        "Net Non Operating Interest Income Expense": -31531000.0,
        "Interest Expense Non Operating": 31531000.0,
        "Operating Income": 47598000.0,
        "Operating Expense": 167944000.0,
        "Depreciation Amortization Depletion Income Statement": 35362000.0,
        "Depreciation And Amortization In Income Statement": 35362000.0,
        "Selling General And Administration": 132582000.0,
        "Gross Profit": 215542000.0,
        "Cost Of Revenue": 502381000.0,
        "Total Revenue": 717923000.0,
        "Operating Revenue": 717923000.0
    },
    "2023-03-31": {
        "Tax Effect Of Unusual Items": NaN,
        "Tax Rate For Calcs": NaN,
        "Normalized EBITDA": NaN,
        "Net Income From Continuing Operation Net Minority Interest": NaN,
        "Reconciled Depreciation": NaN,
        "Reconciled Cost Of Revenue": NaN,
        "EBITDA": NaN,
        "EBIT": NaN,
        "Net Interest Income": NaN,
        "Interest Expense": NaN,
        "Interest Income": 161000.0,
        "Normalized Income": NaN,
        "Net Income From Continuing And Discontinued Operation": NaN,
        "Total Expenses": NaN,
        "Total Operating Income As Reported": NaN,
        "Diluted Average Shares": NaN,
        "Basic Average Shares": NaN,
        "Diluted EPS": NaN,
        "Basic EPS": NaN,
        "Diluted NI Availto Com Stockholders": NaN,
        "Net Income Common Stockholders": NaN,
        "Net Income": NaN,
        "Net Income Including Noncontrolling Interests": NaN,
        "Net Income Continuous Operations": NaN,
        "Tax Provision": NaN,
        "Pretax Income": NaN,
        "Net Non Operating Interest Income Expense": NaN,
        "Interest Expense Non Operating": NaN,
        "Interest Income Non Operating": 161000.0,
        "Operating Income": NaN,
        "Operating Expense": NaN,
        "Depreciation Amortization Depletion Income Statement": NaN,
        "Depreciation And Amortization In Income Statement": NaN,
        "Selling General And Administration": NaN,
        "Gross Profit": NaN,
        "Cost Of Revenue": NaN,
        "Total Revenue": NaN,
        "Operating Revenue": NaN
    },
    "2022-12-31": {
        "Tax Effect Of Unusual Items": NaN,
        "Tax Rate For Calcs": NaN,
        "Normalized EBITDA": NaN,
        "Net Income From Continuing Operation Net Minority Interest": NaN,
        "Reconciled Depreciation": NaN,
        "Reconciled Cost Of Revenue": NaN,
        "EBITDA": NaN,
        "EBIT": NaN,
        "Net Interest Income": NaN,
        "Interest Expense": NaN,
        "Interest Income": 190000.0,
        "Normalized Income": NaN,
        "Net Income From Continuing And Discontinued Operation": NaN,
        "Total Expenses": NaN,
        "Total Operating Income As Reported": NaN,
        "Diluted Average Shares": NaN,
        "Basic Average Shares": NaN,
        "Diluted EPS": NaN,
        "Basic EPS": NaN,
        "Diluted NI Availto Com Stockholders": NaN,
        "Net Income Common Stockholders": NaN,
        "Net Income": NaN,
        "Net Income Including Noncontrolling Interests": NaN,
        "Net Income Continuous Operations": NaN,
        "Tax Provision": NaN,
        "Pretax Income": NaN,
        "Net Non Operating Interest Income Expense": NaN,
        "Interest Expense Non Operating": NaN,
        "Interest Income Non Operating": 190000.0,
        "Operating Income": NaN,
        "Operating Expense": NaN,
        "Depreciation Amortization Depletion Income Statement": NaN,
        "Depreciation And Amortization In Income Statement": NaN,
        "Selling General And Administration": NaN,
        "Gross Profit": NaN,
        "Cost Of Revenue": NaN,
        "Total Revenue": NaN,
        "Operating Revenue": NaN
    },
    "2024-03-31": {
        "Tax Effect Of Unusual Items": 0.0,
        "Tax Rate For Calcs": 0.284858,
        "Normalized EBITDA": 78267000.0,
        "Net Income From Continuing Operation Net Minority Interest": 5965000.0,
        "Reconciled Depreciation": 35213000.0,
        "Reconciled Cost Of Revenue": 504417000.0,
        "EBITDA": 78267000.0,
        "EBIT": 43054000.0,
        "Net Interest Income": -34713000.0,
        "Interest Expense": 34713000.0,
        "Normalized Income": 5965000.0,
        "Net Income From Continuing And Discontinued Operation": 5965000.0,
        "Total Expenses": 662314000.0,
        "Total Operating Income As Reported": 43054000.0,
        "Diluted Average Shares": 131893000.0,
        "Basic Average Shares": 131524000.0,
        "Diluted EPS": 0.05,
        "Basic EPS": 0.05,
        "Diluted NI Availto Com Stockholders": 5965000.0,
        "Net Income Common Stockholders": 5965000.0,
        "Net Income": 5965000.0,
        "Net Income Including Noncontrolling Interests": 5965000.0,
        "Net Income Continuous Operations": 5965000.0,
        "Tax Provision": 2376000.0,
        "Pretax Income": 8341000.0,
        "Other Income Expense": NaN,
        "Other Non Operating Income Expenses": NaN,
        "Net Non Operating Interest Income Expense": -34713000.0,
        "Interest Expense Non Operating": 34713000.0,
        "Operating Income": 43054000.0,
        "Operating Expense": 157897000.0,
        "Depreciation Amortization Depletion Income Statement": 35213000.0,
        "Depreciation And Amortization In Income Statement": 35213000.0,
        "Selling General And Administration": 122684000.0,
        "Gross Profit": 200951000.0,
        "Cost Of Revenue": 504417000.0,
        "Total Revenue": 705368000.0,
        "Operating Revenue": 705368000.0
    },
    "2024-06-30": {
        "Tax Effect Of Unusual Items": 0.0,
        "Tax Rate For Calcs": 0.381,
        "Normalized EBITDA": 72448000.0,
        "Net Income From Continuing Operation Net Minority Interest": 5037000.0,
        "Reconciled Depreciation": 34925000.0,
        "Reconciled Cost Of Revenue": 495759000.0,
        "EBITDA": 72448000.0,
        "EBIT": 37523000.0,
        "Net Interest Income": -29386000.0,
        "Interest Expense": 29386000.0,
        "Normalized Income": 5037000.0,
        "Net Income From Continuing And Discontinued Operation": 5037000.0,
        "Total Expenses": 660725000.0,
        "Total Operating Income As Reported": 37523000.0,
        "Diluted Average Shares": 131833000.0,
        "Basic Average Shares": 131543000.0,
        "Diluted EPS": 0.04,
        "Basic EPS": 0.04,
        "Diluted NI Availto Com Stockholders": 5037000.0,
        "Net Income Common Stockholders": 5037000.0,
        "Net Income": 5037000.0,
        "Net Income Including Noncontrolling Interests": 5037000.0,
        "Net Income Continuous Operations": 5037000.0,
        "Tax Provision": 3100000.0,
        "Pretax Income": 8137000.0,
        "Other Income Expense": NaN,
        "Other Non Operating Income Expenses": NaN,
        "Net Non Operating Interest Income Expense": -29386000.0,
        "Interest Expense Non Operating": 29386000.0,
        "Operating Income": 37523000.0,
        "Operating Expense": 164966000.0,
        "Depreciation Amortization Depletion Income Statement": 34925000.0,
        "Depreciation And Amortization In Income Statement": 34925000.0,
        "Selling General And Administration": 130041000.0,
        "Gross Profit": 202489000.0,
        "Cost Of Revenue": 495759000.0,
        "Total Revenue": 698248000.0,
        "Operating Revenue": 698248000.0
    },
    "2024-09-30": {
        "Tax Effect Of Unusual Items": 0.0,
        "Tax Rate For Calcs": 0.21,
        "Normalized EBITDA": 65699000.0,
        "Net Income From Continuing Operation Net Minority Interest": -2298000.0,
        "Reconciled Depreciation": 35281000.0,
        "Reconciled Cost Of Revenue": 487315000.0,
        "EBITDA": 65699000.0,
        "EBIT": 30418000.0,
        "Net Interest Income": -31689000.0,
        "Interest Expense": 31689000.0,
        "Normalized Income": -2298000.0,
        "Net Income From Continuing And Discontinued Operation": -2298000.0,
        "Total Expenses": 654505000.0,
        "Total Operating Income As Reported": 29776000.0,
        "Diluted Average Shares": 131566000.0,
        "Basic Average Shares": 131566000.0,
        "Diluted EPS": -0.02,
        "Basic EPS": -0.02,
        "Diluted NI Availto Com Stockholders": -2298000.0,
        "Net Income Common Stockholders": -2298000.0,
        "Net Income": -2298000.0,
        "Net Income Including Noncontrolling Interests": -2298000.0,
        "Net Income Continuous Operations": -2298000.0,
        "Tax Provision": 1027000.0,
        "Pretax Income": -1271000.0,
        "Other Income Expense": NaN,
        "Other Non Operating Income Expenses": NaN,
        "Net Non Operating Interest Income Expense": -31689000.0,
        "Interest Expense Non Operating": 31689000.0,
        "Operating Income": 29776000.0,
        "Operating Expense": 167190000.0,
        "Depreciation Amortization Depletion Income Statement": 35281000.0,
        "Depreciation And Amortization In Income Statement": 35281000.0,
        "Selling General And Administration": 131909000.0,
        "Gross Profit": 196966000.0,
        "Cost Of Revenue": 487315000.0,
        "Total Revenue": 684281000.0,
        "Operating Revenue": 684281000.0
    },
    "2024-12-31": {
        "Tax Effect Of Unusual Items": 0.0,
        "Tax Rate For Calcs": 0.21,
        "Normalized EBITDA": 61573000.0,
        "Net Income From Continuing Operation Net Minority Interest": 832000.0,
        "Reconciled Depreciation": 36936000.0,
        "Reconciled Cost Of Revenue": 495260000.0,
        "EBITDA": 61573000.0,
        "EBIT": 24637000.0,
        "Net Interest Income": -23097000.0,
        "Interest Expense": 23097000.0,
        "Normalized Income": 832000.0,
        "Net Income From Continuing And Discontinued Operation": 832000.0,
        "Total Expenses": 653381000.0,
        "Total Operating Income As Reported": 30399000.0,
        "Diluted Average Shares": 132115000.0,
        "Basic Average Shares": 131590000.0,
        "Diluted EPS": 0.01,
        "Basic EPS": 0.01,
        "Diluted NI Availto Com Stockholders": 832000.0,
        "Net Income Common Stockholders": 832000.0,
        "Net Income": 832000.0,
        "Net Income Including Noncontrolling Interests": 832000.0,
        "Net Income Continuous Operations": 832000.0,
        "Tax Provision": 708000.0,
        "Pretax Income": 1540000.0,
        "Other Income Expense": -5762000.0,
        "Other Non Operating Income Expenses": -5762000.0,
        "Net Non Operating Interest Income Expense": -23097000.0,
        "Interest Expense Non Operating": 23097000.0,
        "Operating Income": 30399000.0,
        "Operating Expense": 158121000.0,
        "Depreciation Amortization Depletion Income Statement": 36936000.0,
        "Depreciation And Amortization In Income Statement": 36936000.0,
        "Selling General And Administration": 121185000.0,
        "Gross Profit": 188520000.0,
        "Cost Of Revenue": 495260000.0,
        "Total Revenue": 683780000.0,
        "Operating Revenue": 683780000.0
    }
}