{
    "2023-03-31": {
        "Tax Effect Of Unusual Items": 0.0,
        "Tax Rate For Calcs": 0.34,
        "Normalized EBITDA": -778000.0,
        "Total Unusual Items": NaN,
        "Total Unusual Items Excluding Goodwill": NaN,
        "Net Income From Continuing Operation Net Minority Interest": -7928000.0,
        "Reconciled Depreciation": 1226000.0,
        "Reconciled Cost Of Revenue": 14566000.0,
        "EBITDA": -778000.0,
        "EBIT": -2004000.0,
        "Net Interest Income": 1456000.0,
        "Interest Expense": 5903000.0,
        "Interest Income": 7359000.0,
        "Normalized Income": -7928000.0,
        "Net Income From Continuing And Discontinued Operation": -7928000.0,
        "Total Expenses": 51986000.0,
        "Total Operating Income As Reported": -9704000.0,
        "Diluted Average Shares": 188240000.0,
        "Basic Average Shares": 188240000.0,
        "Diluted EPS": -0.042,
        "Basic EPS": -0.042,
        "Diluted NI Availto Com Stockholders": -7928000.0,
        "Net Income Common Stockholders": -7928000.0,
        "Net Income": -7928000.0,
        "Minority Interests": 0.0,
        "Net Income Including Noncontrolling Interests": -7928000.0,
        "Net Income Continuous Operations": -7928000.0,
        "Tax Provision": 21000.0,
        "Pretax Income": -7907000.0,
        "Other Income Expense": 341000.0,
        "Special Income Charges": NaN,
        "Other Special Charges": NaN,
        "Earnings From Equity Interest": 341000.0,
        "Gain On Sale Of Security": NaN,
        "Net Non Operating Interest Income Expense": 1456000.0,
        "Total Other Finance Cost": NaN,
        "Interest Expense Non Operating": 5903000.0,
        "Interest Income Non Operating": 7359000.0,
        "Operating Income": -9704000.0,
        "Operating Expense": 37420000.0,
        "Other Operating Expenses": 754000.0,
        "Research And Development": 13959000.0,
        "Selling General And Administration": 22707000.0,
        "Selling And Marketing Expense": 14782000.0,
        "General And Administrative Expense": 7925000.0,
        "Other Gand A": 7925000.0,
        "Gross Profit": 27716000.0,
        "Cost Of Revenue": 14566000.0,
        "Total Revenue": 42282000.0,
        "Excise Taxes": 3893000.0,
        "Operating Revenue": 46175000.0
    },
    "2022-12-31": {
        "Tax Effect Of Unusual Items": 0.0,
        "Tax Rate For Calcs": 0.34,
        "Normalized EBITDA": -24464000.0,
        "Total Unusual Items": NaN,
        "Total Unusual Items Excluding Goodwill": NaN,
        "Net Income From Continuing Operation Net Minority Interest": -323000.0,
        "Reconciled Depreciation": 1238000.0,
        "Reconciled Cost Of Revenue": 14594000.0,
        "EBITDA": -24464000.0,
        "EBIT": -25702000.0,
        "Net Interest Income": 11467000.0,
        "Interest Expense": -25729000.0,
        "Interest Income": -13873000.0,
        "Normalized Income": -323000.0,
        "Net Income From Continuing And Discontinued Operation": -323000.0,
        "Total Expenses": 48511000.0,
        "Total Operating Income As Reported": -3026000.0,
        "Diluted Average Shares": 190167000.0,
        "Basic Average Shares": 190167000.0,
        "Diluted EPS": -0.002,
        "Basic EPS": -0.002,
        "Diluted NI Availto Com Stockholders": -323000.0,
        "Net Income Common Stockholders": -323000.0,
        "Net Income": -323000.0,
        "Minority Interests": -1000.0,
        "Net Income Including Noncontrolling Interests": -322000.0,
        "Net Income Continuous Operations": -322000.0,
        "Tax Provision": 349000.0,
        "Pretax Income": 27000.0,
        "Other Income Expense": -8414000.0,
        "Special Income Charges": NaN,
        "Other Special Charges": NaN,
        "Earnings From Equity Interest": 347000.0,
        "Gain On Sale Of Security": NaN,
        "Net Non Operating Interest Income Expense": 11467000.0,
        "Total Other Finance Cost": NaN,
        "Interest Expense Non Operating": -25729000.0,
        "Interest Income Non Operating": -13873000.0,
        "Operating Income": -3026000.0,
        "Operating Expense": 33917000.0,
        "Other Operating Expenses": 402000.0,
        "Research And Development": 14059000.0,
        "Selling General And Administration": 19456000.0,
        "Selling And Marketing Expense": 12404000.0,
        "General And Administrative Expense": 7052000.0,
        "Other Gand A": 7052000.0,
        "Gross Profit": 30891000.0,
        "Cost Of Revenue": 14594000.0,
        "Total Revenue": 45485000.0,
        "Excise Taxes": 4146000.0,
        "Operating Revenue": 49631000.0
    },
    "2022-09-30": {
        "Tax Effect Of Unusual Items": NaN,
        "Tax Rate For Calcs": NaN,
        "Normalized EBITDA": NaN,
        "Total Unusual Items": -274000.0,
        "Total Unusual Items Excluding Goodwill": -274000.0,
        "Net Income From Continuing Operation Net Minority Interest": NaN,
        "Reconciled Depreciation": NaN,
        "Reconciled Cost Of Revenue": NaN,
        "EBITDA": NaN,
        "EBIT": NaN,
        "Net Interest Income": NaN,
        "Interest Expense": NaN,
        "Interest Income": NaN,
        "Normalized Income": NaN,
        "Net Income From Continuing And Discontinued Operation": NaN,
        "Total Expenses": NaN,
        "Total Operating Income As Reported": NaN,
        "Diluted Average Shares": NaN,
        "Basic Average Shares": NaN,
        "Diluted EPS": NaN,
        "Basic EPS": NaN,
        "Diluted NI Availto Com Stockholders": NaN,
        "Net Income Common Stockholders": NaN,
        "Net Income": NaN,
        "Minority Interests": NaN,
        "Net Income Including Noncontrolling Interests": NaN,
        "Net Income Continuous Operations": NaN,
        "Tax Provision": NaN,
        "Pretax Income": NaN,
        "Other Income Expense": NaN,
        "Special Income Charges": -1707000.0,
        "Other Special Charges": 1707000.0,
        "Earnings From Equity Interest": NaN,
        "Gain On Sale Of Security": 1433000.0,
        "Net Non Operating Interest Income Expense": NaN,
        "Total Other Finance Cost": 34000.0,
        "Interest Expense Non Operating": NaN,
        "Interest Income Non Operating": NaN,
        "Operating Income": NaN,
        "Operating Expense": NaN,
        "Other Operating Expenses": NaN,
        "Research And Development": NaN,
        "Selling General And Administration": NaN,
        "Selling And Marketing Expense": NaN,
        "General And Administrative Expense": NaN,
        "Other Gand A": NaN,
        "Gross Profit": NaN,
        "Cost Of Revenue": NaN,
        "Total Revenue": NaN,
        "Excise Taxes": NaN,
        "Operating Revenue": NaN
    },
    "2022-06-30": {
        "Tax Effect Of Unusual Items": 0.0,
        "Tax Rate For Calcs": 0.108744,
        "Normalized EBITDA": -12851000.0,
        "Total Unusual Items": NaN,
        "Total Unusual Items Excluding Goodwill": NaN,
        "Net Income From Continuing Operation Net Minority Interest": -21464000.0,
        "Reconciled Depreciation": 1111000.0,
        "Reconciled Cost Of Revenue": 13008000.0,
        "EBITDA": -12851000.0,
        "EBIT": -13962000.0,
        "Net Interest Income": -5426000.0,
        "Interest Expense": 10122000.0,
        "Interest Income": 4696000.0,
        "Normalized Income": -21464000.0,
        "Net Income From Continuing And Discontinued Operation": -21464000.0,
        "Total Expenses": 57640000.0,
        "Total Operating Income As Reported": -18926000.0,
        "Diluted Average Shares": 191281000.0,
        "Basic Average Shares": 191281000.0,
        "Diluted EPS": -0.112,
        "Basic EPS": -0.112,
        "Diluted NI Availto Com Stockholders": -21464000.0,
        "Net Income Common Stockholders": -21464000.0,
        "Net Income": -21464000.0,
        "Minority Interests": 1000.0,
        "Net Income Including Noncontrolling Interests": -21465000.0,
        "Net Income Continuous Operations": -21465000.0,
        "Tax Provision": -2619000.0,
        "Pretax Income": -24084000.0,
        "Other Income Expense": 268000.0,
        "Special Income Charges": NaN,
        "Other Special Charges": NaN,
        "Earnings From Equity Interest": 268000.0,
        "Gain On Sale Of Security": NaN,
        "Net Non Operating Interest Income Expense": -5426000.0,
        "Total Other Finance Cost": NaN,
        "Interest Expense Non Operating": 10122000.0,
        "Interest Income Non Operating": 4696000.0,
        "Operating Income": -18926000.0,
        "Operating Expense": 44632000.0,
        "Other Operating Expenses": 474000.0,
        "Research And Development": 15409000.0,
        "Selling General And Administration": 28749000.0,
        "Selling And Marketing Expense": 21318000.0,
        "General And Administrative Expense": 7431000.0,
        "Other Gand A": 7431000.0,
        "Gross Profit": 25706000.0,
        "Cost Of Revenue": 13008000.0,
        "Total Revenue": 38714000.0,
        "Excise Taxes": 3568000.0,
        "Operating Revenue": 42282000.0
    },
    "2022-03-31": {
        "Diluted EPS": -0.1,
        "Total Revenue": 35,
        "Gross Profit": 22,
        "Operating Income": -17,
        "EBIT": -16,
        "Net Income": -19
    },
    "2021-12-31": {
        "Diluted EPS": -0.05,
        "Total Revenue": 37,
        "Gross Profit": 23,
        "Operating Income": -13,
        "EBIT": -12,
        "Net Income": -11
    },
    "2021-09-30": {
        "Diluted EPS": -0.12,
        "Total Revenue": 32,
        "Gross Profit": 19,
        "Operating Income": -24,
        "EBIT": -23,
        "Net Income": -22
    },
    "2021-06-30": {
        "Diluted EPS": -0.09,
        "Total Revenue": 31,
        "Gross Profit": 19,
        "Operating Income": -16,
        "EBIT": -15,
        "Net Income": -15
    },
    "2021-03-31": {
        "Diluted EPS": -0.07,
        "Total Revenue": 26,
        "Gross Profit": 15,
        "Operating Income": -12,
        "EBIT": -11,
        "Net Income": -12
    },
    "2020-12-31": {
        "Diluted EPS": -0.02,
        "Total Revenue": 29,
        "Gross Profit": 17,
        "Operating Income": -2,
        "EBIT": -1,
        "Net Income": -4
    },
    "2020-09-30": {
        "Diluted EPS": 0.02,
        "Total Revenue": 28,
        "Gross Profit": 19,
        "Operating Income": 6,
        "EBIT": 6,
        "Net Income": 3
    },
    "2020-06-30": {
        "Diluted EPS": 0.03,
        "Total Revenue": 25,
        "Gross Profit": 18,
        "Operating Income": 6,
        "EBIT": 7,
        "Net Income": 6
    },
    "2020-03-31": {
        "Diluted EPS": -0.03,
        "Total Revenue": 17,
        "Gross Profit": 10,
        "Operating Income": -3,
        "EBIT": -2,
        "Net Income": -5
    },
    "2019-12-31": {
        "Diluted EPS": 0.0,
        "Total Revenue": NaN,
        "Gross Profit": NaN,
        "Operating Income": NaN,
        "EBIT": NaN,
        "Net Income": NaN
    },
    "2023-06-30": {
        "Tax Effect Of Unusual Items": -16147.457117,
        "Tax Rate For Calcs": 0.005417,
        "Normalized EBITDA": -2244000.0,
        "Total Unusual Items": -2981000.0,
        "Total Unusual Items Excluding Goodwill": -2981000.0,
        "Net Income From Continuing Operation Net Minority Interest": -6611000.0,
        "Reconciled Depreciation": 1268000.0,
        "Reconciled Cost Of Revenue": 15506000.0,
        "EBITDA": -5225000.0,
        "EBIT": -6493000.0,
        "Net Interest Income": 3095000.0,
        "Interest Expense": 153000.0,
        "Interest Income": 3287000.0,
        "Normalized Income": -3646147.457117,
        "Net Income From Continuing And Discontinued Operation": -6611000.0,
        "Total Expenses": 55013000.0,
        "Total Operating Income As Reported": -7127000.0,
        "Diluted Average Shares": 187054000.0,
        "Basic Average Shares": 187054000.0,
        "Diluted EPS": -0.035,
        "Basic EPS": -0.035,
        "Diluted NI Availto Com Stockholders": -6611000.0,
        "Net Income Common Stockholders": -6611000.0,
        "Net Income": -6611000.0,
        "Minority Interests": -1000.0,
        "Net Income Including Noncontrolling Interests": -6610000.0,
        "Net Income Continuous Operations": -6610000.0,
        "Tax Provision": -36000.0,
        "Pretax Income": -6646000.0,
        "Other Income Expense": -2614000.0,
        "Special Income Charges": -3440000.0,
        "Other Special Charges": 3440000.0,
        "Earnings From Equity Interest": 367000.0,
        "Gain On Sale Of Security": 459000.0,
        "Net Non Operating Interest Income Expense": 3095000.0,
        "Total Other Finance Cost": 39000.0,
        "Interest Expense Non Operating": 153000.0,
        "Interest Income Non Operating": 3287000.0,
        "Operating Income": -7127000.0,
        "Operating Expense": 39507000.0,
        "Other Operating Expenses": 511000.0,
        "Research And Development": 16305000.0,
        "Selling General And Administration": 22691000.0,
        "Selling And Marketing Expense": 14449000.0,
        "General And Administrative Expense": 8242000.0,
        "Other Gand A": 8242000.0,
        "Gross Profit": 32380000.0,
        "Cost Of Revenue": 15506000.0,
        "Total Revenue": 47886000.0,
        "Excise Taxes": 4690000.0,
        "Operating Revenue": 52576000.0
    },
    "2023-09-30": {
        "Tax Effect Of Unusual Items": 0.0,
        "Tax Rate For Calcs": 0.34,
        "Normalized EBITDA": 7086000.0,
        "Total Unusual Items": -3489000.0,
        "Total Unusual Items Excluding Goodwill": -3489000.0,
        "Net Income From Continuing Operation Net Minority Interest": -2374000.0,
        "Reconciled Depreciation": 1305000.0,
        "Reconciled Cost Of Revenue": 15020000.0,
        "EBITDA": 7086000.0,
        "EBIT": 5781000.0,
        "Net Interest Income": 1078000.0,
        "Interest Expense": 7896000.0,
        "Interest Income": 8974000.0,
        "Normalized Income": -2374000.0,
        "Net Income From Continuing And Discontinued Operation": -2374000.0,
        "Total Expenses": 54102000.0,
        "Total Operating Income As Reported": -3474000.0,
        "Diluted Average Shares": 182615385.0,
        "Basic Average Shares": 182615385.0,
        "Diluted EPS": -0.013,
        "Basic EPS": -0.013,
        "Diluted NI Availto Com Stockholders": -2374000.0,
        "Net Income Common Stockholders": -2374000.0,
        "Net Income": -2374000.0,
        "Minority Interests": 5000.0,
        "Net Income Including Noncontrolling Interests": -2379000.0,
        "Net Income Continuous Operations": -2379000.0,
        "Tax Provision": 264000.0,
        "Pretax Income": -2115000.0,
        "Other Income Expense": 281000.0,
        "Special Income Charges": -5361000.0,
        "Other Special Charges": 5361000.0,
        "Earnings From Equity Interest": 281000.0,
        "Gain On Sale Of Security": 1872000.0,
        "Net Non Operating Interest Income Expense": 1078000.0,
        "Total Other Finance Cost": 114000.0,
        "Interest Expense Non Operating": 7896000.0,
        "Interest Income Non Operating": 8974000.0,
        "Operating Income": -3474000.0,
        "Operating Expense": 39082000.0,
        "Other Operating Expenses": 99000.0,
        "Research And Development": 15508000.0,
        "Selling General And Administration": 23475000.0,
        "Selling And Marketing Expense": 15101000.0,
        "General And Administrative Expense": 8374000.0,
        "Other Gand A": 8374000.0,
        "Gross Profit": 35608000.0,
        "Cost Of Revenue": 15020000.0,
        "Total Revenue": 50628000.0,
        "Excise Taxes": 4325000.0,
        "Operating Revenue": 50628000.0
    },
    "2023-12-31": {
        "Tax Effect Of Unusual Items": -4401980.0,
        "Tax Rate For Calcs": 0.34,
        "Normalized EBITDA": 20380000.0,
        "Total Unusual Items": -12947000.0,
        "Total Unusual Items Excluding Goodwill": -12947000.0,
        "Net Income From Continuing Operation Net Minority Interest": 3226000.0,
        "Reconciled Depreciation": 1219000.0,
        "Reconciled Cost Of Revenue": 15857000.0,
        "EBITDA": 7433000.0,
        "EBIT": 6214000.0,
        "Net Interest Income": 13306000.0,
        "Interest Expense": 133000.0,
        "Interest Income": 13882000.0,
        "Normalized Income": 11771020.0,
        "Net Income From Continuing And Discontinued Operation": 3226000.0,
        "Total Expenses": 55018000.0,
        "Total Operating Income As Reported": 5703000.0,
        "Diluted Average Shares": 201625000.0,
        "Basic Average Shares": 184142000.0,
        "Diluted EPS": 0.016,
        "Basic EPS": 0.018,
        "Diluted NI Availto Com Stockholders": 3226000.0,
        "Net Income Common Stockholders": 3226000.0,
        "Net Income": 3226000.0,
        "Minority Interests": 3000.0,
        "Net Income Including Noncontrolling Interests": 3223000.0,
        "Net Income Continuous Operations": 3223000.0,
        "Tax Provision": 2858000.0,
        "Pretax Income": 6081000.0,
        "Other Income Expense": -12928000.0,
        "Special Income Charges": -9148000.0,
        "Other Special Charges": 9148000.0,
        "Earnings From Equity Interest": 19000.0,
        "Gain On Sale Of Security": -3799000.0,
        "Net Non Operating Interest Income Expense": 13306000.0,
        "Total Other Finance Cost": 443000.0,
        "Interest Expense Non Operating": 133000.0,
        "Interest Income Non Operating": 13882000.0,
        "Operating Income": 5703000.0,
        "Operating Expense": 39161000.0,
        "Other Operating Expenses": 556000.0,
        "Research And Development": 14344000.0,
        "Selling General And Administration": 24261000.0,
        "Selling And Marketing Expense": 15129000.0,
        "General And Administrative Expense": 9132000.0,
        "Other Gand A": 9132000.0,
        "Gross Profit": 44864000.0,
        "Cost Of Revenue": 15857000.0,
        "Total Revenue": 60721000.0,
        "Excise Taxes": 6114000.0,
        "Operating Revenue": 66835000.0
    },
    "2024-03-31": {
        "Tax Effect Of Unusual Items": 0.0,
        "Tax Rate For Calcs": 0.4,
        "Normalized EBITDA": 8643000.0,
        "Total Unusual Items": NaN,
        "Total Unusual Items Excluding Goodwill": NaN,
        "Net Income From Continuing Operation Net Minority Interest": -2446000.0,
        "Reconciled Depreciation": 1113000.0,
        "Reconciled Cost Of Revenue": 14760000.0,
        "EBITDA": 8643000.0,
        "EBIT": 7530000.0,
        "Net Interest Income": -3394000.0,
        "Interest Expense": 12496000.0,
        "Interest Income": 9102000.0,
        "Normalized Income": -2446000.0,
        "Net Income From Continuing And Discontinued Operation": -2446000.0,
        "Total Expenses": 54238000.0,
        "Total Operating Income As Reported": -1590000.0,
        "Diluted Average Shares": 184246000.0,
        "Basic Average Shares": 184246000.0,
        "Diluted EPS": -0.013,
        "Basic EPS": -0.013,
        "Diluted NI Availto Com Stockholders": -2446000.0,
        "Net Income Common Stockholders": -2446000.0,
        "Net Income": -2446000.0,
        "Minority Interests": 8000.0,
        "Net Income Including Noncontrolling Interests": -2454000.0,
        "Net Income Continuous Operations": -2454000.0,
        "Tax Provision": -2512000.0,
        "Pretax Income": -4966000.0,
        "Other Income Expense": 18000.0,
        "Special Income Charges": NaN,
        "Other Special Charges": NaN,
        "Earnings From Equity Interest": 18000.0,
        "Gain On Sale Of Security": NaN,
        "Net Non Operating Interest Income Expense": -3394000.0,
        "Total Other Finance Cost": NaN,
        "Interest Expense Non Operating": 12496000.0,
        "Interest Income Non Operating": 9102000.0,
        "Operating Income": -1590000.0,
        "Operating Expense": 39478000.0,
        "Other Operating Expenses": 386000.0,
        "Research And Development": 12728000.0,
        "Selling General And Administration": 26364000.0,
        "Selling And Marketing Expense": 17192000.0,
        "General And Administrative Expense": 9172000.0,
        "Other Gand A": 9172000.0,
        "Gross Profit": 37888000.0,
        "Cost Of Revenue": 14760000.0,
        "Total Revenue": 52648000.0,
        "Excise Taxes": 4930000.0,
        "Operating Revenue": 57578000.0
    }
}