{
    "2023-03-31": {
        "Tax Effect Of Unusual Items": 288266.151436,
        "Tax Rate For Calcs": 0.013908,
        "Normalized EBITDA": 210153000.0,
        "Total Unusual Items": 20727000.0,
        "Total Unusual Items Excluding Goodwill": 20727000.0,
        "Net Income From Continuing Operation Net Minority Interest": 113940000.0,
        "Reconciled Depreciation": 86779000.0,
        "Reconciled Cost Of Revenue": 171658000.0,
        "EBIT": 144101000.0,
        "Net Interest Income": -28554000.0,
        "Interest Expense": 28554000.0,
        "Normalized Income": 93501266.151436,
        "Net Income From Continuing And Discontinued Operation": 113940000.0,
        "Total Expenses": 209987000.0,
        "Total Operating Income As Reported": 122757000.0,
        "Diluted Average Shares": 16545000.0,
        "Basic Average Shares": 16431000.0,
        "Diluted EPS": 6.89,
        "Basic EPS": 6.93,
        "Diluted NI Availto Com Stockholders": 113940000.0,
        "Net Income Common Stockholders": 113940000.0,
        "Net Income": 113940000.0,
        "Net Income Including Noncontrolling Interests": 113940000.0,
        "Net Income Continuous Operations": 113940000.0,
        "Tax Provision": 1607000.0,
        "Pretax Income": 115547000.0,
        "Other Income Expense": 21581000.0,
        "Other Non Operating Income Expenses": 854000.0,
        "Special Income Charges": 237000.0,
        "Gain On Sale Of Ppe": 237000.0,
        "Other Special Charges": NaN,
        "Write Off": NaN,
        "Impairment Of Capital Assets": NaN,
        "Restructuring And Mergern Acquisition": NaN,
        "Gain On Sale Of Security": 20490000.0,
        "Net Non Operating Interest Income Expense": -28554000.0,
        "Interest Expense Non Operating": 28554000.0,
        "Operating Income": 122520000.0,
        "Operating Expense": 38329000.0,
        "Other Operating Expenses": 1484000.0,
        "Selling General And Administration": 36845000.0,
        "Selling And Marketing Expense": 10915000.0,
        "General And Administrative Expense": 25930000.0,
        "Other Gand A": 25930000.0,
        "Gross Profit": 160849000.0,
        "Cost Of Revenue": 171658000.0,
        "Total Revenue": 332507000.0,
        "Operating Revenue": 331662000.0
    },
    "2022-12-31": {
        "Tax Effect Of Unusual Items": -378175.240561,
        "Tax Rate For Calcs": 0.02519,
        "Normalized EBITDA": 256345000.0,
        "Total Unusual Items": -15013000.0,
        "Total Unusual Items Excluding Goodwill": -15013000.0,
        "Net Income From Continuing Operation Net Minority Interest": 118224000.0,
        "Reconciled Depreciation": 91183000.0,
        "Reconciled Cost Of Revenue": 167019000.0,
        "EBIT": 150149000.0,
        "Net Interest Income": -28870000.0,
        "Interest Expense": 28870000.0,
        "Normalized Income": 132858824.759439,
        "Net Income From Continuing And Discontinued Operation": 118224000.0,
        "Total Expenses": 200800000.0,
        "Total Operating Income As Reported": 157260000.0,
        "Diluted Average Shares": 16585000.0,
        "Basic Average Shares": 16441000.0,
        "Diluted EPS": 7.13,
        "Basic EPS": 7.19,
        "Diluted NI Availto Com Stockholders": 118224000.0,
        "Net Income Common Stockholders": 118224000.0,
        "Net Income": 118224000.0,
        "Net Income Including Noncontrolling Interests": 118224000.0,
        "Net Income Continuous Operations": 118224000.0,
        "Tax Provision": 3055000.0,
        "Pretax Income": 121279000.0,
        "Other Income Expense": -13182000.0,
        "Other Non Operating Income Expenses": 1831000.0,
        "Special Income Charges": -7285000.0,
        "Gain On Sale Of Ppe": -6031000.0,
        "Other Special Charges": 1214000.0,
        "Write Off": 40000.0,
        "Impairment Of Capital Assets": NaN,
        "Restructuring And Mergern Acquisition": 0.0,
        "Gain On Sale Of Security": -7728000.0,
        "Net Non Operating Interest Income Expense": -28870000.0,
        "Interest Expense Non Operating": 28870000.0,
        "Operating Income": 163331000.0,
        "Operating Expense": 33781000.0,
        "Other Operating Expenses": 1829000.0,
        "Selling General And Administration": 31952000.0,
        "Selling And Marketing Expense": 14670000.0,
        "General And Administrative Expense": 17282000.0,
        "Other Gand A": 17282000.0,
        "Gross Profit": 197112000.0,
        "Cost Of Revenue": 167019000.0,
        "Total Revenue": 364131000.0,
        "Operating Revenue": 362147000.0
    },
    "2022-09-30": {
        "Tax Effect Of Unusual Items": 38065200.0,
        "Tax Rate For Calcs": 0.4,
        "Normalized EBITDA": 350275000.0,
        "Total Unusual Items": 95163000.0,
        "Total Unusual Items Excluding Goodwill": 95163000.0,
        "Net Income From Continuing Operation Net Minority Interest": 337523000.0,
        "Reconciled Depreciation": 80716000.0,
        "Reconciled Cost Of Revenue": 167739000.0,
        "EBIT": 364722000.0,
        "Net Interest Income": -30967000.0,
        "Interest Expense": 30967000.0,
        "Normalized Income": 280425200.0,
        "Net Income From Continuing And Discontinued Operation": 337523000.0,
        "Total Expenses": 194653000.0,
        "Total Operating Income As Reported": 263323000.0,
        "Diluted Average Shares": 16809000.0,
        "Basic Average Shares": 16650000.0,
        "Diluted EPS": 20.08,
        "Basic EPS": 20.27,
        "Diluted NI Availto Com Stockholders": 337523000.0,
        "Net Income Common Stockholders": 337523000.0,
        "Net Income": 337523000.0,
        "Net Income Including Noncontrolling Interests": 337523000.0,
        "Net Income Continuous Operations": 337523000.0,
        "Tax Provision": -3768000.0,
        "Pretax Income": 333755000.0,
        "Other Income Expense": 95261000.0,
        "Other Non Operating Income Expenses": 98000.0,
        "Special Income Charges": -5585000.0,
        "Gain On Sale Of Ppe": 4282000.0,
        "Other Special Charges": -553000.0,
        "Write Off": 0.0,
        "Impairment Of Capital Assets": NaN,
        "Restructuring And Mergern Acquisition": 10420000.0,
        "Gain On Sale Of Security": 100748000.0,
        "Net Non Operating Interest Income Expense": -30967000.0,
        "Interest Expense Non Operating": 30967000.0,
        "Operating Income": 269461000.0,
        "Operating Expense": 26914000.0,
        "Other Operating Expenses": 15057000.0,
        "Selling General And Administration": 11857000.0,
        "Selling And Marketing Expense": 13285000.0,
        "General And Administrative Expense": 11857000.0,
        "Other Gand A": 11857000.0,
        "Gross Profit": 296375000.0,
        "Cost Of Revenue": 167739000.0,
        "Total Revenue": 464114000.0,
        "Operating Revenue": 464114000.0
    },
    "2022-06-30": {
        "Tax Effect Of Unusual Items": -1753996.855043,
        "Tax Rate For Calcs": 0.026302,
        "Normalized EBITDA": 452977000.0,
        "Total Unusual Items": -66687000.0,
        "Total Unusual Items Excluding Goodwill": -66687000.0,
        "Net Income From Continuing Operation Net Minority Interest": 262546000.0,
        "Reconciled Depreciation": 83845000.0,
        "Reconciled Cost Of Revenue": 161663000.0,
        "EBIT": 302445000.0,
        "Net Interest Income": -32807000.0,
        "Interest Expense": 32807000.0,
        "Normalized Income": 327479003.144957,
        "Net Income From Continuing And Discontinued Operation": 262546000.0,
        "Total Expenses": 188920000.0,
        "Total Operating Income As Reported": 371236000.0,
        "Diluted Average Shares": 17039000.0,
        "Basic Average Shares": 16834000.0,
        "Diluted EPS": 15.41,
        "Basic EPS": 15.6,
        "Diluted NI Availto Com Stockholders": 262546000.0,
        "Net Income Common Stockholders": 262546000.0,
        "Net Income": 262546000.0,
        "Net Income Including Noncontrolling Interests": 262546000.0,
        "Net Income Continuous Operations": 262546000.0,
        "Tax Provision": 7092000.0,
        "Pretax Income": 269638000.0,
        "Other Income Expense": -68791000.0,
        "Other Non Operating Income Expenses": -2104000.0,
        "Special Income Charges": -760000.0,
        "Gain On Sale Of Ppe": 38000.0,
        "Other Special Charges": 798000.0,
        "Write Off": 0.0,
        "Impairment Of Capital Assets": 0.0,
        "Restructuring And Mergern Acquisition": 0.0,
        "Gain On Sale Of Security": -65927000.0,
        "Net Non Operating Interest Income Expense": -32807000.0,
        "Interest Expense Non Operating": 32807000.0,
        "Operating Income": 371236000.0,
        "Operating Expense": 27257000.0,
        "Other Operating Expenses": -736000.0,
        "Selling General And Administration": 27993000.0,
        "Selling And Marketing Expense": 10994000.0,
        "General And Administrative Expense": 16999000.0,
        "Other Gand A": 16999000.0,
        "Gross Profit": 398493000.0,
        "Cost Of Revenue": 161663000.0,
        "Total Revenue": 560156000.0,
        "Operating Revenue": 560156000.0
    },
    "2022-03-31": {
        "Diluted EPS": -5.18,
        "Total Revenue": 532,
        "Gross Profit": 394,
        "Operating Income": 270,
        "EBIT": 344,
        "Net Income": -87
    },
    "2021-12-31": {
        "Diluted EPS": 18.27,
        "Total Revenue": 470,
        "Gross Profit": 348,
        "Operating Income": 236,
        "EBIT": 316,
        "Net Income": 216
    },
    "2021-09-30": {
        "Diluted EPS": 8.56,
        "Total Revenue": 379,
        "Gross Profit": 268,
        "Operating Income": 266,
        "EBIT": 334,
        "Net Income": 137
    },
    "2021-06-30": {
        "Diluted EPS": -10.47,
        "Total Revenue": 294,
        "Gross Profit": 209,
        "Operating Income": 108,
        "EBIT": 152,
        "Net Income": -133
    },
    "2021-03-31": {
        "Diluted EPS": -6.33,
        "Total Revenue": 250,
        "Gross Profit": 168,
        "Operating Income": 103,
        "EBIT": 145,
        "Net Income": -75
    },
    "2020-12-31": {
        "Diluted EPS": -14.24,
        "Total Revenue": 188,
        "Gross Profit": 103,
        "Operating Income": -78,
        "EBIT": -32,
        "Net Income": -166
    },
    "2020-09-30": {
        "Diluted EPS": -20.32,
        "Total Revenue": 174,
        "Gross Profit": 97,
        "Operating Income": -168,
        "EBIT": -117,
        "Net Income": -237
    },
    "2020-06-30": {
        "Diluted EPS": -46.75,
        "Total Revenue": 111,
        "Gross Profit": 62,
        "Operating Income": -434,
        "EBIT": -364,
        "Net Income": -545
    },
    "2020-03-31": {
        "Diluted EPS": 6.39,
        "Total Revenue": 205,
        "Gross Profit": 89,
        "Operating Income": -182,
        "EBIT": -115,
        "Net Income": 75
    },
    "2019-12-31": {
        "Diluted EPS": -20.93,
        "Total Revenue": 218,
        "Gross Profit": 146,
        "Operating Income": -170,
        "EBIT": -97,
        "Net Income": -242
    },
    "2019-09-30": {
        "Diluted EPS": -22.86,
        "Total Revenue": 194,
        "Gross Profit": 143,
        "Operating Income": -350,
        "EBIT": -277,
        "Net Income": -265
    },
    "2019-06-30": {
        "Diluted EPS": 14.98,
        "Total Revenue": 217,
        "Gross Profit": 157,
        "Operating Income": 58,
        "EBIT": 128,
        "Net Income": 173
    },
    "2019-03-31": {
        "Diluted EPS": -0.8,
        "Total Revenue": 209,
        "Gross Profit": 147,
        "Operating Income": 54,
        "EBIT": 121,
        "Net Income": -9
    },
    "2018-12-31": {
        "Diluted EPS": 13.04,
        "Total Revenue": 215,
        "Gross Profit": 150,
        "Operating Income": 56,
        "EBIT": 132,
        "Net Income": 150
    },
    "2018-09-30": {
        "Diluted EPS": 4.8,
        "Total Revenue": 280,
        "Gross Profit": 199,
        "Operating Income": 104,
        "EBIT": 146,
        "Net Income": 55
    },
    "2018-06-30": {
        "Diluted EPS": 2.8,
        "Total Revenue": 351,
        "Gross Profit": 186,
        "Operating Income": 95,
        "EBIT": 147,
        "Net Income": 33
    },
    "2018-03-31": {
        "Diluted EPS": 7.2,
        "Total Revenue": 260,
        "Gross Profit": 176,
        "Operating Income": 93,
        "EBIT": 140,
        "Net Income": 87
    },
    "2017-12-31": {
        "Diluted EPS": 34.2,
        "Total Revenue": 240,
        "Gross Profit": 129,
        "Operating Income": 86,
        "EBIT": 132,
        "Net Income": 409
    },
    "2017-09-30": {
        "Diluted EPS": 1.0,
        "Total Revenue": 206,
        "Gross Profit": 138,
        "Operating Income": 60,
        "EBIT": 103,
        "Net Income": 11
    },
    "2017-06-30": {
        "Diluted EPS": 5.0,
        "Total Revenue": 187,
        "Gross Profit": 122,
        "Operating Income": 52,
        "EBIT": 91,
        "Net Income": 61
    },
    "2017-03-31": {
        "Diluted EPS": 5.6,
        "Total Revenue": 189,
        "Gross Profit": 121,
        "Operating Income": 51,
        "EBIT": 87,
        "Net Income": 68
    },
    "2016-12-31": {
        "Diluted EPS": -0.4,
        "Total Revenue": 184,
        "Gross Profit": 124,
        "Operating Income": 45,
        "EBIT": -6,
        "Net Income": -18
    },
    "2016-09-30": {
        "Diluted EPS": 0.8,
        "Total Revenue": 160,
        "Gross Profit": 96,
        "Operating Income": 25,
        "EBIT": 62,
        "Net Income": 9
    },
    "2016-06-30": {
        "Diluted EPS": -6.6,
        "Total Revenue": 147,
        "Gross Profit": 82,
        "Operating Income": 18,
        "EBIT": 53,
        "Net Income": -71
    },
    "2016-03-31": {
        "Diluted EPS": -17.0,
        "Total Revenue": 107,
        "Gross Profit": 46,
        "Operating Income": -177,
        "EBIT": -134,
        "Net Income": -180
    },
    "2015-12-31": {
        "Diluted EPS": -104.14,
        "Total Revenue": 123,
        "Gross Profit": 74,
        "Operating Income": NaN,
        "EBIT": -946,
        "Net Income": -965
    },
    "2015-09-30": {
        "Diluted EPS": -80.2,
        "Total Revenue": 150,
        "Gross Profit": 77,
        "Operating Income": -928,
        "EBIT": -860,
        "Net Income": -848
    },
    "2015-06-30": {
        "Diluted EPS": -37.6,
        "Total Revenue": 182,
        "Gross Profit": 94,
        "Operating Income": -501,
        "EBIT": -428,
        "Net Income": -397
    },
    "2015-03-31": {
        "Diluted EPS": -0.06,
        "Total Revenue": 151,
        "Gross Profit": 73,
        "Operating Income": -28,
        "EBIT": 45,
        "Net Income": 0
    },
    "2014-12-31": {
        "Diluted EPS": 28.03,
        "Total Revenue": 237,
        "Gross Profit": 163,
        "Operating Income": 33,
        "EBIT": 114,
        "Net Income": 201
    },
    "2014-09-30": {
        "Diluted EPS": 11.6,
        "Total Revenue": 200,
        "Gross Profit": 173,
        "Operating Income": 69,
        "EBIT": 134,
        "Net Income": 83
    },
    "2014-06-30": {
        "Diluted EPS": -2.6,
        "Total Revenue": 183,
        "Gross Profit": 161,
        "Operating Income": 65,
        "EBIT": 119,
        "Net Income": -19
    },
    "2014-03-31": {
        "Diluted EPS": -0.03,
        "Total Revenue": 173,
        "Gross Profit": 138,
        "Operating Income": 60,
        "EBIT": 111,
        "Net Income": 0
    },
    "2013-12-31": {
        "Diluted EPS": 10.2,
        "Total Revenue": 153,
        "Gross Profit": 137,
        "Operating Income": 55,
        "EBIT": 104,
        "Net Income": 68
    },
    "2013-09-30": {
        "Diluted EPS": 1.8,
        "Total Revenue": 171,
        "Gross Profit": 150,
        "Operating Income": 57,
        "EBIT": 115,
        "Net Income": 13
    },
    "2013-06-30": {
        "Diluted EPS": 5.4,
        "Total Revenue": 177,
        "Gross Profit": 154,
        "Operating Income": 57,
        "EBIT": 126,
        "Net Income": 36
    },
    "2013-03-31": {
        "Diluted EPS": 0.2,
        "Total Revenue": 164,
        "Gross Profit": 140,
        "Operating Income": 45,
        "EBIT": 111,
        "Net Income": 1
    },
    "2012-12-31": {
        "Diluted EPS": 2.0,
        "Total Revenue": 151,
        "Gross Profit": 130,
        "Operating Income": 38,
        "EBIT": 107,
        "Net Income": 12
    },
    "2012-09-30": {
        "Diluted EPS": -1.2,
        "Total Revenue": 144,
        "Gross Profit": 127,
        "Operating Income": 37,
        "EBIT": 103,
        "Net Income": -7
    },
    "2012-06-30": {
        "Diluted EPS": 4.8,
        "Total Revenue": 140,
        "Gross Profit": 124,
        "Operating Income": 42,
        "EBIT": 104,
        "Net Income": 31
    },
    "2012-03-31": {
        "Diluted EPS": 4.0,
        "Total Revenue": 149,
        "Gross Profit": 133,
        "Operating Income": 55,
        "EBIT": 108,
        "Net Income": 26
    },
    "2011-12-31": {
        "Diluted EPS": 0.2,
        "Total Revenue": 139,
        "Gross Profit": 125,
        "Operating Income": 44,
        "EBIT": 107,
        "Net Income": 2
    },
    "2011-09-30": {
        "Diluted EPS": 0.0,
        "Total Revenue": 132,
        "Gross Profit": 121,
        "Operating Income": 55,
        "EBIT": 95,
        "Net Income": 58
    },
    "2011-06-30": {
        "Diluted EPS": 0.0,
        "Total Revenue": 132,
        "Gross Profit": 121,
        "Operating Income": 58,
        "EBIT": 103,
        "Net Income": 41
    },
    "2011-03-31": {
        "Diluted EPS": 0.0,
        "Total Revenue": 107,
        "Gross Profit": 98,
        "Operating Income": 49,
        "EBIT": 83,
        "Net Income": 5
    },
    "2010-12-31": {
        "Diluted EPS": 0.0,
        "Total Revenue": NaN,
        "Gross Profit": NaN,
        "Operating Income": NaN,
        "EBIT": NaN,
        "Net Income": NaN
    },
    "2009-12-31": {
        "Diluted EPS": 0.0,
        "Total Revenue": NaN,
        "Gross Profit": NaN,
        "Operating Income": NaN,
        "EBIT": NaN,
        "Net Income": NaN
    },
    "2023-06-30": {
        "Tax Effect Of Unusual Items": -7156000.0,
        "Tax Rate For Calcs": 0.4,
        "Normalized EBITDA": 225739000.0,
        "Total Unusual Items": -17890000.0,
        "Total Unusual Items Excluding Goodwill": -17890000.0,
        "Net Income From Continuing Operation Net Minority Interest": 294811000.0,
        "Reconciled Depreciation": 103340000.0,
        "Reconciled Cost Of Revenue": 183253000.0,
        "EBIT": 104509000.0,
        "Net Interest Income": -31529000.0,
        "Interest Expense": 31529000.0,
        "Normalized Income": 305545000.0,
        "Net Income From Continuing And Discontinued Operation": 294811000.0,
        "Total Expenses": 213767000.0,
        "Total Operating Income As Reported": 121449000.0,
        "Diluted Average Shares": 18085000.0,
        "Basic Average Shares": 18031000.0,
        "Diluted EPS": 16.3,
        "Basic EPS": 16.35,
        "Diluted NI Availto Com Stockholders": 294811000.0,
        "Net Income Common Stockholders": 294811000.0,
        "Net Income": 294811000.0,
        "Net Income Including Noncontrolling Interests": 294811000.0,
        "Net Income Continuous Operations": 294811000.0,
        "Tax Provision": -221831000.0,
        "Pretax Income": 72980000.0,
        "Other Income Expense": -16786000.0,
        "Other Non Operating Income Expenses": 1104000.0,
        "Special Income Charges": 154000.0,
        "Gain On Sale Of Ppe": 154000.0,
        "Other Special Charges": NaN,
        "Write Off": NaN,
        "Impairment Of Capital Assets": NaN,
        "Restructuring And Mergern Acquisition": NaN,
        "Gain On Sale Of Security": -18044000.0,
        "Net Non Operating Interest Income Expense": -31529000.0,
        "Interest Expense Non Operating": 31529000.0,
        "Operating Income": 121295000.0,
        "Operating Expense": 30514000.0,
        "Other Operating Expenses": 1351000.0,
        "Selling General And Administration": 29163000.0,
        "Selling And Marketing Expense": 10681000.0,
        "General And Administrative Expense": 18482000.0,
        "Other Gand A": 18482000.0,
        "Gross Profit": 151809000.0,
        "Cost Of Revenue": 183253000.0,
        "Total Revenue": 335062000.0,
        "Operating Revenue": 334262000.0
    }
}