{
    "2023-03-31": {
        "Tax Effect Of Unusual Items": NaN,
        "Tax Rate For Calcs": NaN,
        "Normalized EBITDA": NaN,
        "Total Unusual Items": NaN,
        "Total Unusual Items Excluding Goodwill": NaN,
        "Net Income From Continuing Operation Net Minority Interest": NaN,
        "Reconciled Depreciation": NaN,
        "Reconciled Cost Of Revenue": NaN,
        "EBITDA": NaN,
        "EBIT": NaN,
        "Net Interest Income": NaN,
        "Interest Expense": NaN,
        "Normalized Income": NaN,
        "Net Income From Continuing And Discontinued Operation": NaN,
        "Total Expenses": NaN,
        "Total Operating Income As Reported": NaN,
        "Diluted Average Shares": 78996000.0,
        "Basic Average Shares": 75689000.0,
        "Diluted EPS": 0.68,
        "Basic EPS": 0.71,
        "Diluted NI Availto Com Stockholders": NaN,
        "Net Income Common Stockholders": NaN,
        "Otherunder Preferred Stock Dividend": NaN,
        "Net Income": NaN,
        "Minority Interests": NaN,
        "Net Income Including Noncontrolling Interests": NaN,
        "Net Income Discontinuous Operations": NaN,
        "Net Income Continuous Operations": NaN,
        "Tax Provision": NaN,
        "Pretax Income": NaN,
        "Other Income Expense": NaN,
        "Other Non Operating Income Expenses": NaN,
        "Gain On Sale Of Security": NaN,
        "Net Non Operating Interest Income Expense": NaN,
        "Interest Expense Non Operating": NaN,
        "Operating Income": NaN,
        "Operating Expense": NaN,
        "Depreciation Amortization Depletion Income Statement": NaN,
        "Depreciation And Amortization In Income Statement": NaN,
        "Selling General And Administration": NaN,
        "Gross Profit": NaN,
        "Cost Of Revenue": NaN,
        "Total Revenue": NaN,
        "Operating Revenue": NaN
    },
    "2022-12-31": {
        "Tax Effect Of Unusual Items": NaN,
        "Tax Rate For Calcs": NaN,
        "Normalized EBITDA": NaN,
        "Total Unusual Items": NaN,
        "Total Unusual Items Excluding Goodwill": NaN,
        "Net Income From Continuing Operation Net Minority Interest": NaN,
        "Reconciled Depreciation": NaN,
        "Reconciled Cost Of Revenue": NaN,
        "EBITDA": NaN,
        "EBIT": NaN,
        "Net Interest Income": NaN,
        "Interest Expense": NaN,
        "Normalized Income": NaN,
        "Net Income From Continuing And Discontinued Operation": NaN,
        "Total Expenses": NaN,
        "Total Operating Income As Reported": NaN,
        "Diluted Average Shares": NaN,
        "Basic Average Shares": NaN,
        "Diluted EPS": NaN,
        "Basic EPS": NaN,
        "Diluted NI Availto Com Stockholders": NaN,
        "Net Income Common Stockholders": NaN,
        "Otherunder Preferred Stock Dividend": 428000.0,
        "Net Income": NaN,
        "Minority Interests": NaN,
        "Net Income Including Noncontrolling Interests": NaN,
        "Net Income Discontinuous Operations": NaN,
        "Net Income Continuous Operations": NaN,
        "Tax Provision": NaN,
        "Pretax Income": NaN,
        "Other Income Expense": NaN,
        "Other Non Operating Income Expenses": NaN,
        "Gain On Sale Of Security": NaN,
        "Net Non Operating Interest Income Expense": NaN,
        "Interest Expense Non Operating": NaN,
        "Operating Income": NaN,
        "Operating Expense": NaN,
        "Depreciation Amortization Depletion Income Statement": NaN,
        "Depreciation And Amortization In Income Statement": NaN,
        "Selling General And Administration": NaN,
        "Gross Profit": NaN,
        "Cost Of Revenue": NaN,
        "Total Revenue": NaN,
        "Operating Revenue": NaN
    },
    "2022-09-30": {
        "Tax Effect Of Unusual Items": NaN,
        "Tax Rate For Calcs": NaN,
        "Normalized EBITDA": NaN,
        "Total Unusual Items": NaN,
        "Total Unusual Items Excluding Goodwill": NaN,
        "Net Income From Continuing Operation Net Minority Interest": NaN,
        "Reconciled Depreciation": NaN,
        "Reconciled Cost Of Revenue": NaN,
        "EBITDA": NaN,
        "EBIT": NaN,
        "Net Interest Income": NaN,
        "Interest Expense": NaN,
        "Normalized Income": NaN,
        "Net Income From Continuing And Discontinued Operation": NaN,
        "Total Expenses": NaN,
        "Total Operating Income As Reported": NaN,
        "Diluted Average Shares": 97126000.0,
        "Basic Average Shares": 75591000.0,
        "Diluted EPS": 0.15,
        "Basic EPS": 0.3,
        "Diluted NI Availto Com Stockholders": NaN,
        "Net Income Common Stockholders": NaN,
        "Otherunder Preferred Stock Dividend": 0.0,
        "Net Income": NaN,
        "Minority Interests": NaN,
        "Net Income Including Noncontrolling Interests": NaN,
        "Net Income Discontinuous Operations": NaN,
        "Net Income Continuous Operations": NaN,
        "Tax Provision": NaN,
        "Pretax Income": NaN,
        "Other Income Expense": NaN,
        "Other Non Operating Income Expenses": NaN,
        "Gain On Sale Of Security": NaN,
        "Net Non Operating Interest Income Expense": NaN,
        "Interest Expense Non Operating": NaN,
        "Operating Income": NaN,
        "Operating Expense": NaN,
        "Depreciation Amortization Depletion Income Statement": NaN,
        "Depreciation And Amortization In Income Statement": NaN,
        "Selling General And Administration": NaN,
        "Gross Profit": NaN,
        "Cost Of Revenue": NaN,
        "Total Revenue": NaN,
        "Operating Revenue": NaN
    },
    "2022-06-30": {
        "Tax Effect Of Unusual Items": 0.0,
        "Tax Rate For Calcs": 0.0,
        "Normalized EBITDA": -29073969.0,
        "Total Unusual Items": -945000.0,
        "Total Unusual Items Excluding Goodwill": -945000.0,
        "Net Income From Continuing Operation Net Minority Interest": -84820000.0,
        "Reconciled Depreciation": 3885031.0,
        "Reconciled Cost Of Revenue": 984441969.0,
        "EBITDA": -30018969.0,
        "EBIT": -33904000.0,
        "Net Interest Income": -47704000.0,
        "Interest Expense": 47722000.0,
        "Interest Income": 18000.0,
        "Normalized Income": -83875000.0,
        "Net Income From Continuing And Discontinued Operation": -66976000.0,
        "Total Expenses": 1024968000.0,
        "Total Operating Income As Reported": -33129000.0,
        "Diluted Average Shares": 67923000.0,
        "Basic Average Shares": 67923000.0,
        "Diluted EPS": -0.99,
        "Basic EPS": -0.99,
        "Diluted NI Availto Com Stockholders": -66976000.0,
        "Net Income Common Stockholders": -66976000.0,
        "Otherunder Preferred Stock Dividend": 0.0,
        "Net Income": -66976000.0,
        "Minority Interests": -3194000.0,
        "Net Income Including Noncontrolling Interests": -63782000.0,
        "Net Income Discontinuous Operations": 17844000.0,
        "Net Income Continuous Operations": -81626000.0,
        "Tax Provision": 0.0,
        "Pretax Income": -81626000.0,
        "Other Income Expense": -793000.0,
        "Other Non Operating Income Expenses": 152000.0,
        "Gain On Sale Of Security": -945000.0,
        "Net Non Operating Interest Income Expense": -47704000.0,
        "Interest Expense Non Operating": 47722000.0,
        "Interest Income Non Operating": 18000.0,
        "Operating Income": -33129000.0,
        "Operating Expense": 37404000.0,
        "Depreciation Amortization Depletion Income Statement": 763000.0,
        "Depreciation And Amortization In Income Statement": 763000.0,
        "Selling General And Administration": 36641000.0,
        "Gross Profit": 4275000.0,
        "Cost Of Revenue": 987564000.0,
        "Total Revenue": 991839000.0,
        "Operating Revenue": 991839000.0
    },
    "2022-03-31": {
        "Diluted EPS": -0.08,
        "Total Revenue": 75,
        "Gross Profit": 13,
        "Operating Income": 0,
        "EBIT": 3,
        "Net Income": -5
    },
    "2021-12-31": {
        "Diluted EPS": -0.11,
        "Total Revenue": 32,
        "Gross Profit": 0,
        "Operating Income": -7,
        "EBIT": -5,
        "Net Income": -5
    },
    "2021-09-30": {
        "Diluted EPS": 0.12,
        "Total Revenue": 51,
        "Gross Profit": 4,
        "Operating Income": -5,
        "EBIT": -1,
        "Net Income": 8
    },
    "2021-06-30": {
        "Diluted EPS": -0.38,
        "Total Revenue": 30,
        "Gross Profit": 2,
        "Operating Income": -2,
        "EBIT": -2,
        "Net Income": -19
    },
    "2021-03-31": {
        "Diluted EPS": 0.01,
        "Total Revenue": 25,
        "Gross Profit": 2,
        "Operating Income": -1,
        "EBIT": -1,
        "Net Income": 1
    },
    "2020-12-31": {
        "Diluted EPS": -0.11,
        "Total Revenue": 17,
        "Gross Profit": 0,
        "Operating Income": -2,
        "EBIT": 3,
        "Net Income": -3
    },
    "2020-09-30": {
        "Diluted EPS": -0.1,
        "Total Revenue": 16,
        "Gross Profit": 1,
        "Operating Income": -1,
        "EBIT": -4,
        "Net Income": -4
    },
    "2020-06-30": {
        "Diluted EPS": -0.25,
        "Total Revenue": 21,
        "Gross Profit": -2,
        "Operating Income": -9,
        "EBIT": -7,
        "Net Income": -11
    },
    "2020-03-31": {
        "Diluted EPS": -0.21,
        "Total Revenue": 36,
        "Gross Profit": 8,
        "Operating Income": 1,
        "EBIT": 3,
        "Net Income": -9
    },
    "2019-12-31": {
        "Diluted EPS": -0.01,
        "Total Revenue": -102,
        "Gross Profit": -15,
        "Operating Income": 0,
        "EBIT": -5,
        "Net Income": 6
    },
    "2019-09-30": {
        "Diluted EPS": -0.09,
        "Total Revenue": 38,
        "Gross Profit": 4,
        "Operating Income": -3,
        "EBIT": -1,
        "Net Income": -4
    },
    "2019-06-30": {
        "Diluted EPS": -0.03,
        "Total Revenue": 44,
        "Gross Profit": 7,
        "Operating Income": -1,
        "EBIT": 1,
        "Net Income": -1
    },
    "2019-03-31": {
        "Diluted EPS": -0.15,
        "Total Revenue": 39,
        "Gross Profit": 4,
        "Operating Income": -3,
        "EBIT": -1,
        "Net Income": -6
    },
    "2018-12-31": {
        "Diluted EPS": -0.03,
        "Total Revenue": 42,
        "Gross Profit": 5,
        "Operating Income": -2,
        "EBIT": 0,
        "Net Income": -1
    },
    "2018-09-30": {
        "Diluted EPS": -0.13,
        "Total Revenue": 51,
        "Gross Profit": 8,
        "Operating Income": 1,
        "EBIT": 3,
        "Net Income": -5
    },
    "2018-06-30": {
        "Diluted EPS": 0.03,
        "Total Revenue": 47,
        "Gross Profit": 10,
        "Operating Income": 3,
        "EBIT": 5,
        "Net Income": 1
    },
    "2018-03-31": {
        "Diluted EPS": -0.1,
        "Total Revenue": 41,
        "Gross Profit": 6,
        "Operating Income": -1,
        "EBIT": 1,
        "Net Income": -3
    },
    "2017-12-31": {
        "Diluted EPS": -0.04,
        "Total Revenue": 41,
        "Gross Profit": 8,
        "Operating Income": 1,
        "EBIT": 3,
        "Net Income": -1
    },
    "2017-09-30": {
        "Diluted EPS": -0.12,
        "Total Revenue": 32,
        "Gross Profit": 4,
        "Operating Income": -4,
        "EBIT": -2,
        "Net Income": -4
    },
    "2017-06-30": {
        "Diluted EPS": -0.08,
        "Total Revenue": 37,
        "Gross Profit": 5,
        "Operating Income": -2,
        "EBIT": 0,
        "Net Income": -3
    },
    "2017-03-31": {
        "Diluted EPS": -0.12,
        "Total Revenue": 35,
        "Gross Profit": 4,
        "Operating Income": -3,
        "EBIT": -1,
        "Net Income": -4
    },
    "2016-12-31": {
        "Diluted EPS": -0.2,
        "Total Revenue": 31,
        "Gross Profit": 5,
        "Operating Income": -1,
        "EBIT": -1,
        "Net Income": -6
    },
    "2016-09-30": {
        "Diluted EPS": -0.03,
        "Total Revenue": 28,
        "Gross Profit": 6,
        "Operating Income": -1,
        "EBIT": 1,
        "Net Income": -1
    },
    "2016-06-30": {
        "Diluted EPS": -0.21,
        "Total Revenue": 24,
        "Gross Profit": 5,
        "Operating Income": -1,
        "EBIT": 1,
        "Net Income": -6
    },
    "2016-03-31": {
        "Diluted EPS": -0.07,
        "Total Revenue": 14,
        "Gross Profit": 0,
        "Operating Income": -7,
        "EBIT": -4,
        "Net Income": -2
    },
    "2015-12-31": {
        "Diluted EPS": -0.13,
        "Total Revenue": 21,
        "Gross Profit": 0,
        "Operating Income": -2,
        "EBIT": -1,
        "Net Income": -4
    },
    "2015-09-30": {
        "Diluted EPS": -0.11,
        "Total Revenue": 39,
        "Gross Profit": 5,
        "Operating Income": -2,
        "EBIT": -1,
        "Net Income": -3
    },
    "2015-06-30": {
        "Diluted EPS": -0.02,
        "Total Revenue": 49,
        "Gross Profit": 5,
        "Operating Income": -2,
        "EBIT": 0,
        "Net Income": 0
    },
    "2015-03-31": {
        "Diluted EPS": -0.6,
        "Total Revenue": 38,
        "Gross Profit": 0,
        "Operating Income": -7,
        "EBIT": -6,
        "Net Income": -17
    },
    "2014-12-31": {
        "Diluted EPS": -0.47,
        "Total Revenue": 63,
        "Gross Profit": -5,
        "Operating Income": -11,
        "EBIT": -10,
        "Net Income": -11
    },
    "2014-09-30": {
        "Diluted EPS": -0.08,
        "Total Revenue": 77,
        "Gross Profit": 3,
        "Operating Income": -1,
        "EBIT": 0,
        "Net Income": -2
    },
    "2014-06-30": {
        "Diluted EPS": 0.28,
        "Total Revenue": 72,
        "Gross Profit": 8,
        "Operating Income": 1,
        "EBIT": 2,
        "Net Income": 7
    },
    "2014-03-31": {
        "Diluted EPS": 0.04,
        "Total Revenue": 47,
        "Gross Profit": 5,
        "Operating Income": 1,
        "EBIT": 2,
        "Net Income": 1
    },
    "2013-12-31": {
        "Diluted EPS": 0.12,
        "Total Revenue": 47,
        "Gross Profit": 5,
        "Operating Income": 1,
        "EBIT": 2,
        "Net Income": 3
    },
    "2013-09-30": {
        "Diluted EPS": 0.12,
        "Total Revenue": 47,
        "Gross Profit": 5,
        "Operating Income": 2,
        "EBIT": 3,
        "Net Income": 2
    },
    "2013-06-30": {
        "Diluted EPS": 0.1,
        "Total Revenue": 35,
        "Gross Profit": 3,
        "Operating Income": 2,
        "EBIT": 3,
        "Net Income": 2
    },
    "2013-03-31": {
        "Diluted EPS": 0.05,
        "Total Revenue": 33,
        "Gross Profit": 3,
        "Operating Income": 1,
        "EBIT": 2,
        "Net Income": 1
    },
    "2012-12-31": {
        "Diluted EPS": 0.04,
        "Total Revenue": 32,
        "Gross Profit": 3,
        "Operating Income": 0,
        "EBIT": 1,
        "Net Income": 0
    },
    "2012-09-30": {
        "Diluted EPS": 0.13,
        "Total Revenue": 36,
        "Gross Profit": 3,
        "Operating Income": 0,
        "EBIT": 1,
        "Net Income": 2
    },
    "2012-06-30": {
        "Diluted EPS": -0.02,
        "Total Revenue": 31,
        "Gross Profit": 1,
        "Operating Income": 0,
        "EBIT": 0,
        "Net Income": 0
    },
    "2012-03-31": {
        "Diluted EPS": 0.1,
        "Total Revenue": 35,
        "Gross Profit": 3,
        "Operating Income": 2,
        "EBIT": 2,
        "Net Income": 2
    },
    "2011-12-31": {
        "Diluted EPS": 0.23,
        "Total Revenue": 31,
        "Gross Profit": 1,
        "Operating Income": 0,
        "EBIT": 0,
        "Net Income": 2
    },
    "2011-09-30": {
        "Diluted EPS": 0.06,
        "Total Revenue": 30,
        "Gross Profit": 2,
        "Operating Income": 1,
        "EBIT": 1,
        "Net Income": 1
    },
    "2011-06-30": {
        "Diluted EPS": 0.1,
        "Total Revenue": 28,
        "Gross Profit": 2,
        "Operating Income": 1,
        "EBIT": 2,
        "Net Income": 1
    },
    "2011-03-31": {
        "Diluted EPS": 0.09,
        "Total Revenue": 20,
        "Gross Profit": 2,
        "Operating Income": 1,
        "EBIT": 1,
        "Net Income": 1
    },
    "2010-12-31": {
        "Diluted EPS": 0.03,
        "Total Revenue": 16,
        "Gross Profit": 16,
        "Operating Income": 16,
        "EBIT": 16,
        "Net Income": 0
    },
    "2010-09-30": {
        "Diluted EPS": 0.02,
        "Total Revenue": 13,
        "Gross Profit": 1,
        "Operating Income": 0,
        "EBIT": 0,
        "Net Income": 0
    },
    "2010-06-30": {
        "Diluted EPS": 0.02,
        "Total Revenue": 16,
        "Gross Profit": 1,
        "Operating Income": 0,
        "EBIT": 0,
        "Net Income": 0
    },
    "2010-03-31": {
        "Diluted EPS": 0.02,
        "Total Revenue": 13,
        "Gross Profit": 1,
        "Operating Income": 0,
        "EBIT": 0,
        "Net Income": 0
    },
    "2009-12-31": {
        "Diluted EPS": 0.0,
        "Total Revenue": 14,
        "Gross Profit": -7,
        "Operating Income": -8,
        "EBIT": -8,
        "Net Income": 0
    },
    "2009-09-30": {
        "Diluted EPS": 0.05,
        "Total Revenue": 12,
        "Gross Profit": 2,
        "Operating Income": 1,
        "EBIT": 1,
        "Net Income": 1
    },
    "2009-06-30": {
        "Diluted EPS": -0.09,
        "Total Revenue": 5,
        "Gross Profit": 0,
        "Operating Income": -1,
        "EBIT": -1,
        "Net Income": -1
    },
    "2009-03-31": {
        "Diluted EPS": -0.12,
        "Total Revenue": NaN,
        "Gross Profit": NaN,
        "Operating Income": -1,
        "EBIT": -1,
        "Net Income": -1
    },
    "2023-06-30": {
        "Tax Effect Of Unusual Items": 2426858.88511,
        "Tax Rate For Calcs": 0.252798,
        "Normalized EBITDA": -37888000.0,
        "Total Unusual Items": 9600000.0,
        "Total Unusual Items Excluding Goodwill": 9600000.0,
        "Net Income From Continuing Operation Net Minority Interest": -84741000.0,
        "Reconciled Depreciation": 7658000.0,
        "Reconciled Cost Of Revenue": 729649000.0,
        "EBITDA": -28288000.0,
        "EBIT": -35946000.0,
        "Net Interest Income": -77536000.0,
        "Interest Expense": 77536000.0,
        "Normalized Income": -91914141.11489,
        "Net Income From Continuing And Discontinued Operation": -81401000.0,
        "Total Expenses": 779943000.0,
        "Total Operating Income As Reported": -45050000.0,
        "Diluted Average Shares": 79519000.0,
        "Basic Average Shares": 79519000.0,
        "Diluted EPS": -1.04,
        "Basic EPS": -1.04,
        "Diluted NI Availto Com Stockholders": -81401000.0,
        "Net Income Common Stockholders": -81401000.0,
        "Otherunder Preferred Stock Dividend": NaN,
        "Net Income": -81401000.0,
        "Minority Interests": 53000.0,
        "Net Income Including Noncontrolling Interests": -81454000.0,
        "Net Income Discontinuous Operations": 3340000.0,
        "Net Income Continuous Operations": -84794000.0,
        "Tax Provision": -28688000.0,
        "Pretax Income": -113482000.0,
        "Other Income Expense": 9104000.0,
        "Other Non Operating Income Expenses": -496000.0,
        "Gain On Sale Of Security": 9600000.0,
        "Net Non Operating Interest Income Expense": -77536000.0,
        "Interest Expense Non Operating": 77536000.0,
        "Operating Income": -45050000.0,
        "Operating Expense": 43664000.0,
        "Depreciation Amortization Depletion Income Statement": 1028000.0,
        "Depreciation And Amortization In Income Statement": 1028000.0,
        "Selling General And Administration": 42636000.0,
        "Gross Profit": -1386000.0,
        "Cost Of Revenue": 736279000.0,
        "Total Revenue": 734893000.0,
        "Operating Revenue": 734893000.0
    },
    "2023-09-30": {
        "Tax Effect Of Unusual Items": 1779355.591235,
        "Tax Rate For Calcs": 0.385059,
        "Normalized EBITDA": 49595000.0,
        "Total Unusual Items": 4621000.0,
        "Total Unusual Items Excluding Goodwill": 4621000.0,
        "Net Income From Continuing Operation Net Minority Interest": 19843000.0,
        "Reconciled Depreciation": 8929000.0,
        "Reconciled Cost Of Revenue": 925542000.0,
        "EBITDA": 54216000.0,
        "EBIT": 45287000.0,
        "Net Interest Income": -13523000.0,
        "Interest Expense": 13523000.0,
        "Normalized Income": 17001355.591235,
        "Net Income From Continuing And Discontinued Operation": 19843000.0,
        "Total Expenses": 977608000.0,
        "Total Operating Income As Reported": 40799000.0,
        "Diluted Average Shares": 100427000.0,
        "Basic Average Shares": 93381000.0,
        "Diluted EPS": 0.17,
        "Basic EPS": 0.21,
        "Diluted NI Availto Com Stockholders": 19843000.0,
        "Net Income Common Stockholders": 19843000.0,
        "Otherunder Preferred Stock Dividend": NaN,
        "Net Income": 19843000.0,
        "Minority Interests": 310000.0,
        "Net Income Including Noncontrolling Interests": 19533000.0,
        "Net Income Discontinuous Operations": 0.0,
        "Net Income Continuous Operations": 19533000.0,
        "Tax Provision": 12231000.0,
        "Pretax Income": 31764000.0,
        "Other Income Expense": 4488000.0,
        "Other Non Operating Income Expenses": -133000.0,
        "Gain On Sale Of Security": 4621000.0,
        "Net Non Operating Interest Income Expense": -13523000.0,
        "Interest Expense Non Operating": 13523000.0,
        "Operating Income": 40799000.0,
        "Operating Expense": 44170000.0,
        "Depreciation Amortization Depletion Income Statement": 1033000.0,
        "Depreciation And Amortization In Income Statement": 1033000.0,
        "Selling General And Administration": 43137000.0,
        "Gross Profit": 84969000.0,
        "Cost Of Revenue": 933438000.0,
        "Total Revenue": 1018407000.0,
        "Operating Revenue": 1018407000.0
    },
    "2023-12-31": {
        "Tax Effect Of Unusual Items": 620760.0,
        "Tax Rate For Calcs": 0.21,
        "Normalized EBITDA": -40023000.0,
        "Total Unusual Items": 2956000.0,
        "Total Unusual Items Excluding Goodwill": 2956000.0,
        "Net Income From Continuing Operation Net Minority Interest": -64308000.0,
        "Reconciled Depreciation": 9224000.0,
        "Reconciled Cost Of Revenue": 731453000.0,
        "EBITDA": -37067000.0,
        "EBIT": -46291000.0,
        "Net Interest Income": -16031000.0,
        "Interest Expense": 16031000.0,
        "Normalized Income": -66643240.0,
        "Net Income From Continuing And Discontinued Operation": -63791000.0,
        "Total Expenses": 781602000.0,
        "Total Operating Income As Reported": -48857000.0,
        "Diluted Average Shares": NaN,
        "Basic Average Shares": NaN,
        "Diluted EPS": NaN,
        "Basic EPS": NaN,
        "Diluted NI Availto Com Stockholders": -63791000.0,
        "Net Income Common Stockholders": -63791000.0,
        "Otherunder Preferred Stock Dividend": NaN,
        "Net Income": -63791000.0,
        "Minority Interests": 74000.0,
        "Net Income Including Noncontrolling Interests": -63865000.0,
        "Net Income Discontinuous Operations": 517000.0,
        "Net Income Continuous Operations": -64382000.0,
        "Tax Provision": 2060000.0,
        "Pretax Income": -62322000.0,
        "Other Income Expense": 2566000.0,
        "Other Non Operating Income Expenses": -390000.0,
        "Gain On Sale Of Security": 2956000.0,
        "Net Non Operating Interest Income Expense": -16031000.0,
        "Interest Expense Non Operating": 16031000.0,
        "Operating Income": -48857000.0,
        "Operating Expense": 41994000.0,
        "Depreciation Amortization Depletion Income Statement": 1069000.0,
        "Depreciation And Amortization In Income Statement": 1069000.0,
        "Selling General And Administration": 40925000.0,
        "Gross Profit": -6863000.0,
        "Cost Of Revenue": 739608000.0,
        "Total Revenue": 732745000.0,
        "Operating Revenue": 732745000.0
    },
    "2024-03-31": {
        "Tax Effect Of Unusual Items": 0.0,
        "Tax Rate For Calcs": 0.0,
        "Normalized EBITDA": 2461000.0,
        "Total Unusual Items": 6658000.0,
        "Total Unusual Items Excluding Goodwill": 6658000.0,
        "Net Income From Continuing Operation Net Minority Interest": -17734000.0,
        "Reconciled Depreciation": 9290000.0,
        "Reconciled Cost Of Revenue": 652034000.0,
        "EBITDA": 9119000.0,
        "EBIT": -171000.0,
        "Net Interest Income": -17683000.0,
        "Interest Expense": 17683000.0,
        "Normalized Income": -24392000.0,
        "Net Income From Continuing And Discontinued Operation": -17734000.0,
        "Total Expenses": 701106000.0,
        "Total Operating Income As Reported": -5780000.0,
        "Diluted Average Shares": 93514000.0,
        "Basic Average Shares": 93514000.0,
        "Diluted EPS": -0.19,
        "Basic EPS": -0.19,
        "Diluted NI Availto Com Stockholders": -17734000.0,
        "Net Income Common Stockholders": -17734000.0,
        "Otherunder Preferred Stock Dividend": NaN,
        "Net Income": -17734000.0,
        "Minority Interests": 120000.0,
        "Net Income Including Noncontrolling Interests": -17854000.0,
        "Net Income Discontinuous Operations": 0.0,
        "Net Income Continuous Operations": -17854000.0,
        "Tax Provision": 0.0,
        "Pretax Income": -17854000.0,
        "Other Income Expense": 5609000.0,
        "Other Non Operating Income Expenses": -1049000.0,
        "Gain On Sale Of Security": 6658000.0,
        "Net Non Operating Interest Income Expense": -17683000.0,
        "Interest Expense Non Operating": 17683000.0,
        "Operating Income": -5780000.0,
        "Operating Expense": 40886000.0,
        "Depreciation Amortization Depletion Income Statement": 1104000.0,
        "Depreciation And Amortization In Income Statement": 1104000.0,
        "Selling General And Administration": 39782000.0,
        "Gross Profit": 35106000.0,
        "Cost Of Revenue": 660220000.0,
        "Total Revenue": 695326000.0,
        "Operating Revenue": 695326000.0
    },
    "2024-06-30": {
        "Tax Effect Of Unusual Items": 0.0,
        "Tax Rate For Calcs": 0.0,
        "Normalized EBITDA": -28062000.0,
        "Total Unusual Items": 1680000.0,
        "Total Unusual Items Excluding Goodwill": 1680000.0,
        "Net Income From Continuing Operation Net Minority Interest": -53773000.0,
        "Reconciled Depreciation": 9738000.0,
        "Reconciled Cost Of Revenue": 741202000.0,
        "EBITDA": -26382000.0,
        "EBIT": -36120000.0,
        "Net Interest Income": -17725000.0,
        "Interest Expense": 17725000.0,
        "Normalized Income": -55453000.0,
        "Net Income From Continuing And Discontinued Operation": -53773000.0,
        "Total Expenses": 788381000.0,
        "Total Operating Income As Reported": -38320000.0,
        "Diluted Average Shares": 93514000.0,
        "Basic Average Shares": 93514000.0,
        "Diluted EPS": -0.58,
        "Basic EPS": -0.58,
        "Diluted NI Availto Com Stockholders": -53773000.0,
        "Net Income Common Stockholders": -53773000.0,
        "Otherunder Preferred Stock Dividend": NaN,
        "Net Income": -53773000.0,
        "Minority Interests": 72000.0,
        "Net Income Including Noncontrolling Interests": -53845000.0,
        "Net Income Discontinuous Operations": 0.0,
        "Net Income Continuous Operations": -53845000.0,
        "Tax Provision": 0.0,
        "Pretax Income": -53845000.0,
        "Other Income Expense": 2200000.0,
        "Other Non Operating Income Expenses": 520000.0,
        "Gain On Sale Of Security": 1680000.0,
        "Net Non Operating Interest Income Expense": -17725000.0,
        "Interest Expense Non Operating": 17725000.0,
        "Operating Income": -38320000.0,
        "Operating Expense": 38566000.0,
        "Depreciation Amortization Depletion Income Statement": 1125000.0,
        "Depreciation And Amortization In Income Statement": 1125000.0,
        "Selling General And Administration": 37441000.0,
        "Gross Profit": 246000.0,
        "Cost Of Revenue": 749815000.0,
        "Total Revenue": 750061000.0,
        "Operating Revenue": 750061000.0
    }
}