{
    "2023-03-31": {
        "Tax Effect Of Unusual Items": NaN,
        "Tax Rate For Calcs": NaN,
        "Normalized EBITDA": NaN,
        "Total Unusual Items": NaN,
        "Total Unusual Items Excluding Goodwill": NaN,
        "Net Income From Continuing Operation Net Minority Interest": NaN,
        "Reconciled Depreciation": NaN,
        "Reconciled Cost Of Revenue": NaN,
        "EBITDA": NaN,
        "EBIT": NaN,
        "Net Interest Income": NaN,
        "Interest Expense": NaN,
        "Interest Income": NaN,
        "Normalized Income": NaN,
        "Net Income From Continuing And Discontinued Operation": NaN,
        "Total Expenses": NaN,
        "Rent Expense Supplemental": NaN,
        "Total Operating Income As Reported": NaN,
        "Diluted Average Shares": NaN,
        "Basic Average Shares": NaN,
        "Diluted EPS": NaN,
        "Basic EPS": NaN,
        "Diluted NI Availto Com Stockholders": NaN,
        "Net Income Common Stockholders": NaN,
        "Net Income": NaN,
        "Minority Interests": NaN,
        "Net Income Including Noncontrolling Interests": NaN,
        "Net Income Continuous Operations": NaN,
        "Tax Provision": NaN,
        "Pretax Income": NaN,
        "Other Income Expense": NaN,
        "Other Non Operating Income Expenses": NaN,
        "Special Income Charges": NaN,
        "Gain On Sale Of Ppe": NaN,
        "Write Off": NaN,
        "Restructuring And Mergern Acquisition": NaN,
        "Earnings From Equity Interest": NaN,
        "Gain On Sale Of Security": NaN,
        "Net Non Operating Interest Income Expense": NaN,
        "Interest Expense Non Operating": NaN,
        "Interest Income Non Operating": NaN,
        "Operating Income": NaN,
        "Operating Expense": NaN,
        "Other Operating Expenses": NaN,
        "Selling General And Administration": NaN,
        "General And Administrative Expense": NaN,
        "Other Gand A": NaN,
        "Insurance And Claims": NaN,
        "Rent And Landing Fees": 24055000.0,
        "Salaries And Wages": NaN,
        "Gross Profit": NaN,
        "Cost Of Revenue": NaN,
        "Total Revenue": NaN,
        "Operating Revenue": NaN
    },
    "2022-12-31": {
        "Tax Effect Of Unusual Items": NaN,
        "Tax Rate For Calcs": NaN,
        "Normalized EBITDA": NaN,
        "Total Unusual Items": NaN,
        "Total Unusual Items Excluding Goodwill": NaN,
        "Net Income From Continuing Operation Net Minority Interest": NaN,
        "Reconciled Depreciation": NaN,
        "Reconciled Cost Of Revenue": NaN,
        "EBITDA": NaN,
        "EBIT": NaN,
        "Net Interest Income": NaN,
        "Interest Expense": NaN,
        "Interest Income": NaN,
        "Normalized Income": NaN,
        "Net Income From Continuing And Discontinued Operation": NaN,
        "Total Expenses": NaN,
        "Rent Expense Supplemental": NaN,
        "Total Operating Income As Reported": NaN,
        "Diluted Average Shares": 27973000.0,
        "Basic Average Shares": 27973000.0,
        "Diluted EPS": -0.25,
        "Basic EPS": -0.25,
        "Diluted NI Availto Com Stockholders": NaN,
        "Net Income Common Stockholders": NaN,
        "Net Income": NaN,
        "Minority Interests": NaN,
        "Net Income Including Noncontrolling Interests": NaN,
        "Net Income Continuous Operations": NaN,
        "Tax Provision": NaN,
        "Pretax Income": NaN,
        "Other Income Expense": NaN,
        "Other Non Operating Income Expenses": NaN,
        "Special Income Charges": NaN,
        "Gain On Sale Of Ppe": NaN,
        "Write Off": NaN,
        "Restructuring And Mergern Acquisition": NaN,
        "Earnings From Equity Interest": NaN,
        "Gain On Sale Of Security": NaN,
        "Net Non Operating Interest Income Expense": NaN,
        "Interest Expense Non Operating": NaN,
        "Interest Income Non Operating": NaN,
        "Operating Income": NaN,
        "Operating Expense": NaN,
        "Other Operating Expenses": NaN,
        "Selling General And Administration": NaN,
        "General And Administrative Expense": NaN,
        "Other Gand A": NaN,
        "Insurance And Claims": NaN,
        "Rent And Landing Fees": NaN,
        "Salaries And Wages": NaN,
        "Gross Profit": NaN,
        "Cost Of Revenue": NaN,
        "Total Revenue": NaN,
        "Operating Revenue": NaN
    },
    "2022-09-30": {
        "Tax Effect Of Unusual Items": NaN,
        "Tax Rate For Calcs": NaN,
        "Normalized EBITDA": NaN,
        "Total Unusual Items": NaN,
        "Total Unusual Items Excluding Goodwill": NaN,
        "Net Income From Continuing Operation Net Minority Interest": NaN,
        "Reconciled Depreciation": NaN,
        "Reconciled Cost Of Revenue": NaN,
        "EBITDA": NaN,
        "EBIT": NaN,
        "Net Interest Income": NaN,
        "Interest Expense": NaN,
        "Interest Income": NaN,
        "Normalized Income": NaN,
        "Net Income From Continuing And Discontinued Operation": NaN,
        "Total Expenses": NaN,
        "Rent Expense Supplemental": NaN,
        "Total Operating Income As Reported": NaN,
        "Diluted Average Shares": NaN,
        "Basic Average Shares": NaN,
        "Diluted EPS": NaN,
        "Basic EPS": NaN,
        "Diluted NI Availto Com Stockholders": NaN,
        "Net Income Common Stockholders": NaN,
        "Net Income": NaN,
        "Minority Interests": NaN,
        "Net Income Including Noncontrolling Interests": NaN,
        "Net Income Continuous Operations": NaN,
        "Tax Provision": NaN,
        "Pretax Income": NaN,
        "Other Income Expense": NaN,
        "Other Non Operating Income Expenses": NaN,
        "Special Income Charges": NaN,
        "Gain On Sale Of Ppe": NaN,
        "Gain On Sale Of Business": 0.0,
        "Write Off": 0.0,
        "Restructuring And Mergern Acquisition": NaN,
        "Earnings From Equity Interest": NaN,
        "Gain On Sale Of Security": NaN,
        "Net Non Operating Interest Income Expense": NaN,
        "Interest Expense Non Operating": NaN,
        "Interest Income Non Operating": NaN,
        "Operating Income": NaN,
        "Operating Expense": NaN,
        "Other Operating Expenses": NaN,
        "Selling General And Administration": NaN,
        "General And Administrative Expense": NaN,
        "Other Gand A": NaN,
        "Insurance And Claims": NaN,
        "Rent And Landing Fees": 23387000.0,
        "Salaries And Wages": NaN,
        "Gross Profit": NaN,
        "Cost Of Revenue": NaN,
        "Total Revenue": NaN,
        "Operating Revenue": NaN
    },
    "2022-06-30": {
        "Tax Effect Of Unusual Items": 2511600.0,
        "Tax Rate For Calcs": 0.4,
        "Normalized EBITDA": 35858000.0,
        "Total Unusual Items": 6279000.0,
        "Total Unusual Items Excluding Goodwill": 6279000.0,
        "Net Income From Continuing Operation Net Minority Interest": 3987000.0,
        "Reconciled Depreciation": 19649000.0,
        "Reconciled Cost Of Revenue": 120451000.0,
        "EBITDA": 42137000.0,
        "EBIT": 22488000.0,
        "Net Interest Income": -10168000.0,
        "Interest Expense": 10242000.0,
        "Interest Income": 74000.0,
        "Normalized Income": 219600.0,
        "Net Income From Continuing And Discontinued Operation": 3987000.0,
        "Total Expenses": 288267000.0,
        "Rent Expense Supplemental": 23758000.0,
        "Total Operating Income As Reported": 5713000.0,
        "Diluted Average Shares": 28912000.0,
        "Basic Average Shares": 28269000.0,
        "Diluted EPS": 0.14,
        "Basic EPS": 0.14,
        "Diluted NI Availto Com Stockholders": 3987000.0,
        "Net Income Common Stockholders": 3987000.0,
        "Net Income": 3987000.0,
        "Minority Interests": -28000.0,
        "Net Income Including Noncontrolling Interests": 4015000.0,
        "Net Income Continuous Operations": 4015000.0,
        "Tax Provision": 8231000.0,
        "Pretax Income": 12246000.0,
        "Other Income Expense": 8944000.0,
        "Other Non Operating Income Expenses": 2550000.0,
        "Special Income Charges": -7705000.0,
        "Gain On Sale Of Ppe": -2101000.0,
        "Gain On Sale Of Business": 0.0,
        "Write Off": 5187000.0,
        "Restructuring And Mergern Acquisition": 417000.0,
        "Earnings From Equity Interest": 115000.0,
        "Gain On Sale Of Security": 13984000.0,
        "Net Non Operating Interest Income Expense": -10168000.0,
        "Interest Expense Non Operating": 10242000.0,
        "Interest Income Non Operating": 74000.0,
        "Operating Income": 13470000.0,
        "Operating Expense": 167816000.0,
        "Other Operating Expenses": 31054000.0,
        "Selling General And Administration": 136762000.0,
        "General And Administrative Expense": 136762000.0,
        "Other Gand A": 40159000.0,
        "Insurance And Claims": 3966000.0,
        "Rent And Landing Fees": 23758000.0,
        "Salaries And Wages": 68879000.0,
        "Gross Profit": 181286000.0,
        "Cost Of Revenue": 120451000.0,
        "Total Revenue": 301737000.0,
        "Operating Revenue": 294148000.0
    },
    "2023-06-30": {
        "Tax Effect Of Unusual Items": NaN,
        "Tax Rate For Calcs": NaN,
        "Normalized EBITDA": NaN,
        "Total Unusual Items": NaN,
        "Total Unusual Items Excluding Goodwill": NaN,
        "Net Income From Continuing Operation Net Minority Interest": NaN,
        "Reconciled Depreciation": NaN,
        "Reconciled Cost Of Revenue": NaN,
        "EBITDA": NaN,
        "EBIT": NaN,
        "Net Interest Income": NaN,
        "Interest Expense": NaN,
        "Interest Income": NaN,
        "Normalized Income": NaN,
        "Net Income From Continuing And Discontinued Operation": NaN,
        "Total Expenses": NaN,
        "Rent Expense Supplemental": NaN,
        "Total Operating Income As Reported": NaN,
        "Diluted Average Shares": NaN,
        "Basic Average Shares": NaN,
        "Diluted EPS": NaN,
        "Basic EPS": NaN,
        "Diluted NI Availto Com Stockholders": NaN,
        "Net Income Common Stockholders": NaN,
        "Net Income": NaN,
        "Minority Interests": NaN,
        "Net Income Including Noncontrolling Interests": NaN,
        "Net Income Continuous Operations": NaN,
        "Tax Provision": NaN,
        "Pretax Income": NaN,
        "Other Income Expense": NaN,
        "Other Non Operating Income Expenses": NaN,
        "Special Income Charges": NaN,
        "Gain On Sale Of Ppe": NaN,
        "Write Off": 0.0,
        "Restructuring And Mergern Acquisition": NaN,
        "Earnings From Equity Interest": NaN,
        "Gain On Sale Of Security": NaN,
        "Net Non Operating Interest Income Expense": NaN,
        "Interest Expense Non Operating": NaN,
        "Interest Income Non Operating": NaN,
        "Operating Income": NaN,
        "Operating Expense": NaN,
        "Other Operating Expenses": NaN,
        "Selling General And Administration": NaN,
        "General And Administrative Expense": NaN,
        "Other Gand A": NaN,
        "Insurance And Claims": NaN,
        "Rent And Landing Fees": 24424000.0,
        "Salaries And Wages": NaN,
        "Gross Profit": NaN,
        "Cost Of Revenue": NaN,
        "Total Revenue": NaN,
        "Operating Revenue": NaN
    },
    "2022-03-31": {
        "Diluted EPS": -0.15,
        "Total Revenue": 287,
        "Gross Profit": 70,
        "Operating Income": -4,
        "EBIT": 18,
        "Net Income": -4
    },
    "2021-12-31": {
        "Diluted EPS": 0.0,
        "Total Revenue": 296,
        "Gross Profit": 74,
        "Operating Income": 296,
        "EBIT": 318,
        "Net Income": 0
    },
    "2021-09-30": {
        "Diluted EPS": 0.1,
        "Total Revenue": 302,
        "Gross Profit": 83,
        "Operating Income": 12,
        "EBIT": 35,
        "Net Income": 3
    },
    "2021-06-30": {
        "Diluted EPS": -0.5,
        "Total Revenue": 301,
        "Gross Profit": 86,
        "Operating Income": -12,
        "EBIT": -12,
        "Net Income": -14
    },
    "2021-03-31": {
        "Diluted EPS": 0.0,
        "Total Revenue": NaN,
        "Gross Profit": NaN,
        "Operating Income": NaN,
        "EBIT": NaN,
        "Net Income": NaN
    },
    "2020-12-31": {
        "Diluted EPS": -1.97,
        "Total Revenue": 310,
        "Gross Profit": 83,
        "Operating Income": -39,
        "EBIT": -11,
        "Net Income": -57
    },
    "2020-09-30": {
        "Diluted EPS": -0.95,
        "Total Revenue": 305,
        "Gross Profit": 86,
        "Operating Income": -23,
        "EBIT": 6,
        "Net Income": -28
    },
    "2020-06-30": {
        "Diluted EPS": 5.16,
        "Total Revenue": 270,
        "Gross Profit": 83,
        "Operating Income": -14,
        "EBIT": 1,
        "Net Income": 204
    },
    "2020-03-31": {
        "Diluted EPS": -1.05,
        "Total Revenue": 57,
        "Gross Profit": 19,
        "Operating Income": -4,
        "EBIT": 6,
        "Net Income": -7
    },
    "2019-12-31": {
        "Diluted EPS": -59.36,
        "Total Revenue": 307,
        "Gross Profit": 68,
        "Operating Income": 0,
        "EBIT": 23,
        "Net Income": -667
    },
    "2019-09-30": {
        "Diluted EPS": -4.54,
        "Total Revenue": 318,
        "Gross Profit": 82,
        "Operating Income": -62,
        "EBIT": -30,
        "Net Income": -163
    },
    "2019-06-30": {
        "Diluted EPS": -4.71,
        "Total Revenue": 333,
        "Gross Profit": 75,
        "Operating Income": -22,
        "EBIT": 1,
        "Net Income": -169
    },
    "2019-03-31": {
        "Diluted EPS": -0.84,
        "Total Revenue": 51,
        "Gross Profit": 15,
        "Operating Income": -4,
        "EBIT": 6,
        "Net Income": -6
    },
    "2018-12-31": {
        "Diluted EPS": -0.75,
        "Total Revenue": 52,
        "Gross Profit": 15,
        "Operating Income": -6,
        "EBIT": 4,
        "Net Income": -6
    },
    "2018-09-30": {
        "Diluted EPS": 4.32,
        "Total Revenue": 55,
        "Gross Profit": 18,
        "Operating Income": 42,
        "EBIT": 51,
        "Net Income": 31
    },
    "2018-06-30": {
        "Diluted EPS": -1.47,
        "Total Revenue": 58,
        "Gross Profit": 17,
        "Operating Income": -10,
        "EBIT": 1,
        "Net Income": -10
    },
    "2018-03-31": {
        "Diluted EPS": -0.18,
        "Total Revenue": 57,
        "Gross Profit": 20,
        "Operating Income": 2,
        "EBIT": 13,
        "Net Income": -1
    },
    "2017-12-31": {
        "Diluted EPS": 8.85,
        "Total Revenue": 58,
        "Gross Profit": 13,
        "Operating Income": -8,
        "EBIT": 2,
        "Net Income": 62
    },
    "2017-09-30": {
        "Diluted EPS": -11.73,
        "Total Revenue": 61,
        "Gross Profit": 17,
        "Operating Income": -123,
        "EBIT": -110,
        "Net Income": -81
    },
    "2017-06-30": {
        "Diluted EPS": -0.39,
        "Total Revenue": 58,
        "Gross Profit": 17,
        "Operating Income": 0,
        "EBIT": 12,
        "Net Income": -3
    },
    "2017-03-31": {
        "Diluted EPS": -0.81,
        "Total Revenue": 55,
        "Gross Profit": 17,
        "Operating Income": -5,
        "EBIT": 7,
        "Net Income": -6
    },
    "2016-12-31": {
        "Diluted EPS": -0.78,
        "Total Revenue": 56,
        "Gross Profit": 19,
        "Operating Income": -1,
        "EBIT": 11,
        "Net Income": -5
    },
    "2016-09-30": {
        "Diluted EPS": -0.09,
        "Total Revenue": 65,
        "Gross Profit": 25,
        "Operating Income": 2,
        "EBIT": 15,
        "Net Income": -1
    },
    "2016-06-30": {
        "Diluted EPS": 0.27,
        "Total Revenue": 63,
        "Gross Profit": 16,
        "Operating Income": -4,
        "EBIT": 9,
        "Net Income": 2
    },
    "2016-03-31": {
        "Diluted EPS": -0.57,
        "Total Revenue": 63,
        "Gross Profit": 18,
        "Operating Income": -1,
        "EBIT": 12,
        "Net Income": -4
    },
    "2015-12-31": {
        "Diluted EPS": -0.5,
        "Total Revenue": 74,
        "Gross Profit": 29,
        "Operating Income": 5,
        "EBIT": 19,
        "Net Income": -4
    },
    "2015-09-30": {
        "Diluted EPS": 0.12,
        "Total Revenue": 70,
        "Gross Profit": 27,
        "Operating Income": 5,
        "EBIT": 18,
        "Net Income": 1
    },
    "2015-06-30": {
        "Diluted EPS": 1.65,
        "Total Revenue": 71,
        "Gross Profit": 31,
        "Operating Income": 9,
        "EBIT": 20,
        "Net Income": 11
    },
    "2015-03-31": {
        "Diluted EPS": -0.01,
        "Total Revenue": 67,
        "Gross Profit": 24,
        "Operating Income": 6,
        "EBIT": 18,
        "Net Income": 0
    },
    "2014-12-31": {
        "Diluted EPS": 0.45,
        "Total Revenue": 75,
        "Gross Profit": 29,
        "Operating Income": 7,
        "EBIT": 20,
        "Net Income": 3
    },
    "2014-09-30": {
        "Diluted EPS": 0.63,
        "Total Revenue": 91,
        "Gross Profit": 36,
        "Operating Income": 12,
        "EBIT": 24,
        "Net Income": 4
    },
    "2014-06-30": {
        "Diluted EPS": 0.78,
        "Total Revenue": 87,
        "Gross Profit": 32,
        "Operating Income": 14,
        "EBIT": 25,
        "Net Income": 5
    },
    "2014-03-31": {
        "Diluted EPS": 0.66,
        "Total Revenue": 79,
        "Gross Profit": 30,
        "Operating Income": 10,
        "EBIT": 22,
        "Net Income": 4
    },
    "2013-12-31": {
        "Diluted EPS": 0.27,
        "Total Revenue": 76,
        "Gross Profit": 31,
        "Operating Income": 10,
        "EBIT": 10,
        "Net Income": 2
    },
    "2013-09-30": {
        "Diluted EPS": 0.78,
        "Total Revenue": 81,
        "Gross Profit": 30,
        "Operating Income": 11,
        "EBIT": 11,
        "Net Income": 5
    },
    "2013-06-30": {
        "Diluted EPS": 0.75,
        "Total Revenue": 74,
        "Gross Profit": 27,
        "Operating Income": 11,
        "EBIT": 11,
        "Net Income": 5
    },
    "2013-03-31": {
        "Diluted EPS": 0.84,
        "Total Revenue": 68,
        "Gross Profit": 25,
        "Operating Income": 15,
        "EBIT": 15,
        "Net Income": 6
    },
    "2012-12-31": {
        "Diluted EPS": 0.18,
        "Total Revenue": 71,
        "Gross Profit": 29,
        "Operating Income": 10,
        "EBIT": 10,
        "Net Income": 4
    },
    "2012-09-30": {
        "Diluted EPS": 0.39,
        "Total Revenue": 78,
        "Gross Profit": 32,
        "Operating Income": 11,
        "EBIT": 11,
        "Net Income": 3
    },
    "2012-06-30": {
        "Diluted EPS": 0.18,
        "Total Revenue": 63,
        "Gross Profit": 24,
        "Operating Income": 7,
        "EBIT": 7,
        "Net Income": 2
    },
    "2012-03-31": {
        "Diluted EPS": -0.81,
        "Total Revenue": 61,
        "Gross Profit": 21,
        "Operating Income": 4,
        "EBIT": 4,
        "Net Income": -7
    },
    "2011-12-31": {
        "Diluted EPS": 0.0,
        "Total Revenue": NaN,
        "Gross Profit": NaN,
        "Operating Income": NaN,
        "EBIT": NaN,
        "Net Income": NaN
    },
    "2010-12-31": {
        "Diluted EPS": 0.0,
        "Total Revenue": NaN,
        "Gross Profit": NaN,
        "Operating Income": NaN,
        "EBIT": NaN,
        "Net Income": NaN
    },
    "2009-12-31": {
        "Diluted EPS": 0.0,
        "Total Revenue": NaN,
        "Gross Profit": NaN,
        "Operating Income": NaN,
        "EBIT": NaN,
        "Net Income": NaN
    },
    "2023-09-30": {
        "Tax Effect Of Unusual Items": 91980.0,
        "Tax Rate For Calcs": 0.21,
        "Normalized EBITDA": 58165000.0,
        "Total Unusual Items": 438000.0,
        "Total Unusual Items Excluding Goodwill": 438000.0,
        "Net Income From Continuing Operation Net Minority Interest": 4317000.0,
        "Reconciled Depreciation": 21613000.0,
        "Reconciled Cost Of Revenue": 266380000.0,
        "EBITDA": 58603000.0,
        "EBIT": 36990000.0,
        "Net Interest Income": -7476000.0,
        "Interest Expense": 10008000.0,
        "Interest Income": 2532000.0,
        "Normalized Income": 3970980.0,
        "Net Income From Continuing And Discontinued Operation": 4317000.0,
        "Total Expenses": 312636000.0,
        "Rent Expense Supplemental": 24136000.0,
        "Total Operating Income As Reported": 29617000.0,
        "Diluted Average Shares": 28959000.0,
        "Basic Average Shares": 28217000.0,
        "Diluted EPS": 0.15,
        "Basic EPS": 0.15,
        "Diluted NI Availto Com Stockholders": 4317000.0,
        "Net Income Common Stockholders": 4317000.0,
        "Net Income": 4317000.0,
        "Minority Interests": -28000.0,
        "Net Income Including Noncontrolling Interests": 4345000.0,
        "Net Income Continuous Operations": 4345000.0,
        "Tax Provision": 22637000.0,
        "Pretax Income": 26982000.0,
        "Other Income Expense": 9004000.0,
        "Other Non Operating Income Expenses": 4844000.0,
        "Special Income Charges": 438000.0,
        "Gain On Sale Of Ppe": 1179000.0,
        "Write Off": 0.0,
        "Restructuring And Mergern Acquisition": 741000.0,
        "Earnings From Equity Interest": 3722000.0,
        "Gain On Sale Of Security": 4541000.0,
        "Net Non Operating Interest Income Expense": -7476000.0,
        "Interest Expense Non Operating": 10008000.0,
        "Interest Income Non Operating": 2532000.0,
        "Operating Income": 25454000.0,
        "Operating Expense": 46256000.0,
        "Other Operating Expenses": 42414000.0,
        "Selling General And Administration": 46256000.0,
        "General And Administrative Expense": 46256000.0,
        "Other Gand A": 46256000.0,
        "Insurance And Claims": 4693000.0,
        "Rent And Landing Fees": 24136000.0,
        "Salaries And Wages": 82732000.0,
        "Gross Profit": 71710000.0,
        "Cost Of Revenue": 266380000.0,
        "Total Revenue": 338090000.0,
        "Operating Revenue": 327707000.0
    },
    "2023-12-31": {
        "Tax Effect Of Unusual Items": 288960.0,
        "Tax Rate For Calcs": 0.21,
        "Normalized EBITDA": 44129000.0,
        "Total Unusual Items": 1376000.0,
        "Total Unusual Items Excluding Goodwill": 1376000.0,
        "Net Income From Continuing Operation Net Minority Interest": -7938000.0,
        "Reconciled Depreciation": 20736000.0,
        "Reconciled Cost Of Revenue": 143635000.0,
        "EBITDA": 45505000.0,
        "EBIT": 24769000.0,
        "Net Interest Income": -7816000.0,
        "Interest Expense": 11274000.0,
        "Interest Income": 3458000.0,
        "Normalized Income": -9025040.0,
        "Net Income From Continuing And Discontinued Operation": -7938000.0,
        "Total Expenses": 319237000.0,
        "Rent Expense Supplemental": 26481000.0,
        "Total Operating Income As Reported": 19574000.0,
        "Diluted Average Shares": 28289000.0,
        "Basic Average Shares": 28289000.0,
        "Diluted EPS": -0.28,
        "Basic EPS": -0.28,
        "Diluted NI Availto Com Stockholders": -7938000.0,
        "Net Income Common Stockholders": -7938000.0,
        "Net Income": -7938000.0,
        "Minority Interests": 165000.0,
        "Net Income Including Noncontrolling Interests": -8103000.0,
        "Net Income Continuous Operations": -8103000.0,
        "Tax Provision": 21598000.0,
        "Pretax Income": 13495000.0,
        "Other Income Expense": 2614000.0,
        "Other Non Operating Income Expenses": 111000.0,
        "Special Income Charges": -506000.0,
        "Gain On Sale Of Ppe": -159000.0,
        "Write Off": 0.0,
        "Restructuring And Mergern Acquisition": 347000.0,
        "Earnings From Equity Interest": 1127000.0,
        "Gain On Sale Of Security": 1882000.0,
        "Net Non Operating Interest Income Expense": -7816000.0,
        "Interest Expense Non Operating": 11274000.0,
        "Interest Income Non Operating": 3458000.0,
        "Operating Income": 18697000.0,
        "Operating Expense": 175602000.0,
        "Other Operating Expenses": 41664000.0,
        "Selling General And Administration": 133938000.0,
        "General And Administrative Expense": 133938000.0,
        "Other Gand A": 44143000.0,
        "Insurance And Claims": 5083000.0,
        "Rent And Landing Fees": NaN,
        "Salaries And Wages": 84712000.0,
        "Gross Profit": 194299000.0,
        "Cost Of Revenue": 143635000.0,
        "Total Revenue": 337934000.0,
        "Operating Revenue": 337747000.0
    },
    "2024-03-31": {
        "Tax Effect Of Unusual Items": -1811688.0,
        "Tax Rate For Calcs": 0.274,
        "Normalized EBITDA": 46117000.0,
        "Total Unusual Items": -6612000.0,
        "Total Unusual Items Excluding Goodwill": -6612000.0,
        "Net Income From Continuing Operation Net Minority Interest": 6605000.0,
        "Reconciled Depreciation": 20893000.0,
        "Reconciled Cost Of Revenue": 138456000.0,
        "EBITDA": 39505000.0,
        "EBIT": 18612000.0,
        "Net Interest Income": -7488000.0,
        "Interest Expense": 9472000.0,
        "Interest Income": 1984000.0,
        "Normalized Income": 11405312.0,
        "Net Income From Continuing And Discontinued Operation": 6605000.0,
        "Total Expenses": 315351000.0,
        "Rent Expense Supplemental": 26239000.0,
        "Total Operating Income As Reported": 22829000.0,
        "Diluted Average Shares": 29239000.0,
        "Basic Average Shares": 28332000.0,
        "Diluted EPS": 0.23,
        "Basic EPS": 0.23,
        "Diluted NI Availto Com Stockholders": 6605000.0,
        "Net Income Common Stockholders": 6605000.0,
        "Net Income": 6605000.0,
        "Minority Interests": -27000.0,
        "Net Income Including Noncontrolling Interests": 6632000.0,
        "Net Income Continuous Operations": 6632000.0,
        "Tax Provision": 2508000.0,
        "Pretax Income": 9140000.0,
        "Other Income Expense": -5115000.0,
        "Other Non Operating Income Expenses": 78000.0,
        "Special Income Charges": -113000.0,
        "Gain On Sale Of Ppe": -113000.0,
        "Write Off": NaN,
        "Restructuring And Mergern Acquisition": 0.0,
        "Earnings From Equity Interest": 1419000.0,
        "Gain On Sale Of Security": -6499000.0,
        "Net Non Operating Interest Income Expense": -7488000.0,
        "Interest Expense Non Operating": 9472000.0,
        "Interest Income Non Operating": 1984000.0,
        "Operating Income": 21743000.0,
        "Operating Expense": 176895000.0,
        "Other Operating Expenses": 42919000.0,
        "Selling General And Administration": 133976000.0,
        "General And Administrative Expense": 133976000.0,
        "Other Gand A": 43347000.0,
        "Insurance And Claims": 6651000.0,
        "Rent And Landing Fees": NaN,
        "Salaries And Wages": 83978000.0,
        "Gross Profit": 198638000.0,
        "Cost Of Revenue": 138456000.0,
        "Total Revenue": 337094000.0,
        "Operating Revenue": 326514000.0
    },
    "2024-06-30": {
        "Tax Effect Of Unusual Items": -240331.0,
        "Tax Rate For Calcs": 0.247,
        "Normalized EBITDA": 68369000.0,
        "Total Unusual Items": -973000.0,
        "Total Unusual Items Excluding Goodwill": -973000.0,
        "Net Income From Continuing Operation Net Minority Interest": 28157000.0,
        "Reconciled Depreciation": 20575000.0,
        "Reconciled Cost Of Revenue": 141528000.0,
        "EBITDA": 67396000.0,
        "EBIT": 46821000.0,
        "Net Interest Income": -7243000.0,
        "Interest Expense": 9385000.0,
        "Interest Income": 2142000.0,
        "Normalized Income": 28889669.0,
        "Net Income From Continuing And Discontinued Operation": 28157000.0,
        "Total Expenses": 315414000.0,
        "Rent Expense Supplemental": 25449000.0,
        "Total Operating Income As Reported": 44762000.0,
        "Diluted Average Shares": 29462000.0,
        "Basic Average Shares": 28476000.0,
        "Diluted EPS": 0.96,
        "Basic EPS": 0.99,
        "Diluted NI Availto Com Stockholders": 28157000.0,
        "Net Income Common Stockholders": 28157000.0,
        "Net Income": 28157000.0,
        "Minority Interests": -34000.0,
        "Net Income Including Noncontrolling Interests": 28191000.0,
        "Net Income Continuous Operations": 28191000.0,
        "Tax Provision": 9245000.0,
        "Pretax Income": 37436000.0,
        "Other Income Expense": 344000.0,
        "Other Non Operating Income Expenses": 666000.0,
        "Special Income Charges": -224000.0,
        "Gain On Sale Of Ppe": -224000.0,
        "Write Off": NaN,
        "Restructuring And Mergern Acquisition": 0.0,
        "Earnings From Equity Interest": 651000.0,
        "Gain On Sale Of Security": -749000.0,
        "Net Non Operating Interest Income Expense": -7243000.0,
        "Interest Expense Non Operating": 9385000.0,
        "Interest Income Non Operating": 2142000.0,
        "Operating Income": 44335000.0,
        "Operating Expense": 173886000.0,
        "Other Operating Expenses": 44828000.0,
        "Selling General And Administration": 129058000.0,
        "General And Administrative Expense": 129058000.0,
        "Other Gand A": 44933000.0,
        "Insurance And Claims": 6212000.0,
        "Rent And Landing Fees": NaN,
        "Salaries And Wages": 77913000.0,
        "Gross Profit": 218221000.0,
        "Cost Of Revenue": 141528000.0,
        "Total Revenue": 359749000.0,
        "Operating Revenue": 352494000.0
    },
    "2024-09-30": {
        "Tax Effect Of Unusual Items": 2353662.0,
        "Tax Rate For Calcs": 0.229,
        "Normalized EBITDA": 57346000.0,
        "Total Unusual Items": 10278000.0,
        "Total Unusual Items Excluding Goodwill": 10278000.0,
        "Net Income From Continuing Operation Net Minority Interest": 28242000.0,
        "Reconciled Depreciation": 21293000.0,
        "Reconciled Cost Of Revenue": 145213000.0,
        "EBITDA": 67624000.0,
        "EBIT": 46331000.0,
        "Net Interest Income": -7134000.0,
        "Interest Expense": 9660000.0,
        "Interest Income": 2526000.0,
        "Normalized Income": 20317662.0,
        "Net Income From Continuing And Discontinued Operation": 28242000.0,
        "Total Expenses": 331649000.0,
        "Rent Expense Supplemental": 25702000.0,
        "Total Operating Income As Reported": 33213000.0,
        "Diluted Average Shares": 29719000.0,
        "Basic Average Shares": 28620000.0,
        "Diluted EPS": 0.95,
        "Basic EPS": 0.99,
        "Diluted NI Availto Com Stockholders": 28242000.0,
        "Net Income Common Stockholders": 28242000.0,
        "Net Income": 28242000.0,
        "Minority Interests": -37000.0,
        "Net Income Including Noncontrolling Interests": 28279000.0,
        "Net Income Continuous Operations": 28279000.0,
        "Tax Provision": 8392000.0,
        "Pretax Income": 36671000.0,
        "Other Income Expense": 10332000.0,
        "Other Non Operating Income Expenses": -649000.0,
        "Special Income Charges": -626000.0,
        "Gain On Sale Of Ppe": -626000.0,
        "Write Off": NaN,
        "Restructuring And Mergern Acquisition": 0.0,
        "Earnings From Equity Interest": 703000.0,
        "Gain On Sale Of Security": 10904000.0,
        "Net Non Operating Interest Income Expense": -7134000.0,
        "Interest Expense Non Operating": 9660000.0,
        "Interest Income Non Operating": 2526000.0,
        "Operating Income": 33473000.0,
        "Operating Expense": 186436000.0,
        "Other Operating Expenses": 46739000.0,
        "Selling General And Administration": 139697000.0,
        "General And Administrative Expense": 139697000.0,
        "Other Gand A": 42898000.0,
        "Insurance And Claims": 6217000.0,
        "Rent And Landing Fees": NaN,
        "Salaries And Wages": 90582000.0,
        "Gross Profit": 219909000.0,
        "Cost Of Revenue": 145213000.0,
        "Total Revenue": 365122000.0,
        "Operating Revenue": 354426000.0
    }
}