{
    "2023-03-31": {
        "Tax Effect Of Unusual Items": -15143600.0,
        "Tax Rate For Calcs": 0.34,
        "Normalized EBITDA": 203193000.0,
        "Total Unusual Items": -44540000.0,
        "Total Unusual Items Excluding Goodwill": -44540000.0,
        "Net Income From Continuing Operation Net Minority Interest": 56211000.0,
        "Reconciled Depreciation": 52306000.0,
        "Reconciled Cost Of Revenue": 151273000.0,
        "EBITDA": 158653000.0,
        "EBIT": 106347000.0,
        "Net Interest Income": -77648000.0,
        "Interest Expense": 79779000.0,
        "Interest Income": 7244000.0,
        "Normalized Income": 85607400.0,
        "Net Income From Continuing And Discontinued Operation": 56211000.0,
        "Total Expenses": 295779000.0,
        "Total Operating Income As Reported": 101081000.0,
        "Diluted Average Shares": 35778000.0,
        "Basic Average Shares": 33716000.0,
        "Diluted EPS": 1.57,
        "Basic EPS": 1.67,
        "Diluted NI Availto Com Stockholders": 56211000.0,
        "Net Income Common Stockholders": 56211000.0,
        "Net Income": 56211000.0,
        "Net Income Including Noncontrolling Interests": 56211000.0,
        "Net Income Continuous Operations": 56211000.0,
        "Tax Provision": -29643000.0,
        "Pretax Income": 26568000.0,
        "Other Income Expense": -44229000.0,
        "Other Non Operating Income Expenses": 311000.0,
        "Special Income Charges": -47675000.0,
        "Other Special Charges": -2000.0,
        "Write Off": 47677000.0,
        "Gain On Sale Of Security": 3135000.0,
        "Net Non Operating Interest Income Expense": -77648000.0,
        "Total Other Finance Cost": 5113000.0,
        "Interest Expense Non Operating": 79779000.0,
        "Interest Income Non Operating": 7244000.0,
        "Operating Income": 148445000.0,
        "Operating Expense": 144506000.0,
        "Other Operating Expenses": NaN,
        "Selling General And Administration": 144506000.0,
        "Selling And Marketing Expense": 90139000.0,
        "General And Administrative Expense": 54367000.0,
        "Other Gand A": 54367000.0,
        "Gross Profit": 292951000.0,
        "Cost Of Revenue": 151273000.0,
        "Total Revenue": 444224000.0,
        "Excise Taxes": 15032000.0,
        "Operating Revenue": 576627000.0
    },
    "2022-12-31": {
        "Tax Effect Of Unusual Items": -24517740.0,
        "Tax Rate For Calcs": 0.34,
        "Normalized EBITDA": 162678000.0,
        "Total Unusual Items": -72111000.0,
        "Total Unusual Items Excluding Goodwill": -72111000.0,
        "Net Income From Continuing Operation Net Minority Interest": 12717000.0,
        "Reconciled Depreciation": 29336000.0,
        "Reconciled Cost Of Revenue": 150422000.0,
        "EBITDA": 90567000.0,
        "EBIT": 61231000.0,
        "Net Interest Income": -86848000.0,
        "Interest Expense": 86213000.0,
        "Interest Income": 6548000.0,
        "Normalized Income": 60310260.0,
        "Net Income From Continuing And Discontinued Operation": 12717000.0,
        "Total Expenses": 292216000.0,
        "Total Operating Income As Reported": 56368000.0,
        "Diluted Average Shares": 35555556.0,
        "Basic Average Shares": 31219512.0,
        "Diluted EPS": 0.36,
        "Basic EPS": 0.41,
        "Diluted NI Availto Com Stockholders": 12717000.0,
        "Net Income Common Stockholders": 12717000.0,
        "Net Income": 12717000.0,
        "Net Income Including Noncontrolling Interests": 12717000.0,
        "Net Income Continuous Operations": 12717000.0,
        "Tax Provision": -37699000.0,
        "Pretax Income": -24982000.0,
        "Other Income Expense": -76631000.0,
        "Other Non Operating Income Expenses": -4520000.0,
        "Special Income Charges": -77609000.0,
        "Other Special Charges": -4027000.0,
        "Write Off": 81636000.0,
        "Gain On Sale Of Security": 5498000.0,
        "Net Non Operating Interest Income Expense": -86848000.0,
        "Total Other Finance Cost": 7183000.0,
        "Interest Expense Non Operating": 86213000.0,
        "Interest Income Non Operating": 6548000.0,
        "Operating Income": 138497000.0,
        "Operating Expense": 141794000.0,
        "Other Operating Expenses": -2257000.0,
        "Selling General And Administration": 141794000.0,
        "Selling And Marketing Expense": 85434000.0,
        "General And Administrative Expense": 56360000.0,
        "Other Gand A": 56360000.0,
        "Gross Profit": 280291000.0,
        "Cost Of Revenue": 150422000.0,
        "Total Revenue": 430713000.0,
        "Excise Taxes": 15444000.0,
        "Operating Revenue": 543809000.0
    },
    "2022-09-30": {
        "Tax Effect Of Unusual Items": NaN,
        "Tax Rate For Calcs": NaN,
        "Normalized EBITDA": NaN,
        "Total Unusual Items": NaN,
        "Total Unusual Items Excluding Goodwill": NaN,
        "Net Income From Continuing Operation Net Minority Interest": NaN,
        "Reconciled Depreciation": NaN,
        "Reconciled Cost Of Revenue": NaN,
        "EBITDA": NaN,
        "EBIT": NaN,
        "Net Interest Income": NaN,
        "Interest Expense": NaN,
        "Interest Income": NaN,
        "Normalized Income": NaN,
        "Net Income From Continuing And Discontinued Operation": NaN,
        "Total Expenses": NaN,
        "Total Operating Income As Reported": NaN,
        "Diluted Average Shares": 32545455.0,
        "Basic Average Shares": 27538462.0,
        "Diluted EPS": 1.1,
        "Basic EPS": 1.3,
        "Diluted NI Availto Com Stockholders": NaN,
        "Net Income Common Stockholders": NaN,
        "Net Income": NaN,
        "Net Income Including Noncontrolling Interests": NaN,
        "Net Income Continuous Operations": NaN,
        "Tax Provision": NaN,
        "Pretax Income": NaN,
        "Other Income Expense": NaN,
        "Other Non Operating Income Expenses": NaN,
        "Special Income Charges": NaN,
        "Other Special Charges": 662000.0,
        "Write Off": NaN,
        "Gain On Sale Of Security": 361000.0,
        "Net Non Operating Interest Income Expense": NaN,
        "Total Other Finance Cost": -4107000.0,
        "Interest Expense Non Operating": NaN,
        "Interest Income Non Operating": NaN,
        "Operating Income": NaN,
        "Operating Expense": NaN,
        "Other Operating Expenses": -1755000.0,
        "Selling General And Administration": NaN,
        "Selling And Marketing Expense": NaN,
        "General And Administrative Expense": NaN,
        "Other Gand A": NaN,
        "Gross Profit": NaN,
        "Cost Of Revenue": NaN,
        "Total Revenue": NaN,
        "Excise Taxes": 13276000.0,
        "Operating Revenue": NaN
    },
    "2022-06-30": {
        "Tax Effect Of Unusual Items": -2650018906.744764,
        "Tax Rate For Calcs": 0.049096,
        "Normalized EBITDA": 117269815000.0,
        "Total Unusual Items": -53976463000.0,
        "Total Unusual Items Excluding Goodwill": -53976463000.0,
        "Net Income From Continuing Operation Net Minority Interest": 57573062000.0,
        "Reconciled Depreciation": 31234000.0,
        "Reconciled Cost Of Revenue": 104040852000.0,
        "EBITDA": 63293352000.0,
        "EBIT": 63293352000.0,
        "Net Interest Income": -2672985000.0,
        "Interest Expense": 2747754000.0,
        "Interest Income": 5567125000.0,
        "Normalized Income": 108899506093.25523,
        "Net Income From Continuing And Discontinued Operation": 57573062000.0,
        "Total Expenses": 326754178000.0,
        "Total Operating Income As Reported": 58617600000.0,
        "Diluted Average Shares": 27613000.0,
        "Basic Average Shares": 25504000.0,
        "Diluted EPS": 0.76,
        "Basic EPS": 0.82,
        "Diluted NI Availto Com Stockholders": 57573062000.0,
        "Net Income Common Stockholders": 57573062000.0,
        "Net Income": 57573062000.0,
        "Net Income Including Noncontrolling Interests": 57573062000.0,
        "Net Income Continuous Operations": 57573062000.0,
        "Tax Provision": 2972536000.0,
        "Pretax Income": 60545598000.0,
        "Other Income Expense": -53976450000.0,
        "Other Non Operating Income Expenses": -265000.0,
        "Special Income Charges": -58577446000.0,
        "Other Special Charges": 40000166000.0,
        "Write Off": 18287280000.0,
        "Gain On Sale Of Security": 4600983000.0,
        "Net Non Operating Interest Income Expense": -2672985000.0,
        "Total Other Finance Cost": 5492356000.0,
        "Interest Expense Non Operating": 2747754000.0,
        "Interest Income Non Operating": 5567125000.0,
        "Operating Income": 117194033000.0,
        "Operating Expense": 222713326000.0,
        "Other Operating Expenses": 1297112000.0,
        "Selling General And Administration": 221416214000.0,
        "Selling And Marketing Expense": 28682044000.0,
        "General And Administrative Expense": 192734170000.0,
        "Other Gand A": 192734170000.0,
        "Gross Profit": 339907359000.0,
        "Cost Of Revenue": 104040852000.0,
        "Total Revenue": 443948211000.0,
        "Excise Taxes": 15142325000.0,
        "Operating Revenue": 579023744000.0
    },
    "2022-03-31": {
        "Diluted EPS": 0.19,
        "Total Revenue": 34,
        "Gross Profit": 22,
        "Operating Income": 5,
        "EBIT": 8,
        "Net Income": 5
    },
    "2021-12-31": {
        "Diluted EPS": 0.23,
        "Total Revenue": 30,
        "Gross Profit": 19,
        "Operating Income": 4,
        "EBIT": 7,
        "Net Income": 6
    },
    "2021-09-30": {
        "Diluted EPS": 0.02,
        "Total Revenue": 28,
        "Gross Profit": 15,
        "Operating Income": 2,
        "EBIT": 4,
        "Net Income": 1
    },
    "2021-06-30": {
        "Diluted EPS": 0.12,
        "Total Revenue": 31,
        "Gross Profit": 20,
        "Operating Income": 6,
        "EBIT": 9,
        "Net Income": 3
    },
    "2021-03-31": {
        "Diluted EPS": 0.16,
        "Total Revenue": 28,
        "Gross Profit": 18,
        "Operating Income": 2,
        "EBIT": 5,
        "Net Income": 4
    },
    "2020-12-31": {
        "Diluted EPS": -0.02,
        "Total Revenue": 25,
        "Gross Profit": 25,
        "Operating Income": 25,
        "EBIT": 25,
        "Net Income": 0
    },
    "2020-09-30": {
        "Diluted EPS": 0.01,
        "Total Revenue": 23,
        "Gross Profit": 23,
        "Operating Income": 23,
        "EBIT": 23,
        "Net Income": 0
    },
    "2023-06-30": {
        "Tax Effect Of Unusual Items": -25156260.0,
        "Tax Rate For Calcs": 0.34,
        "Normalized EBITDA": 258485000.0,
        "Total Unusual Items": -73989000.0,
        "Total Unusual Items Excluding Goodwill": -73989000.0,
        "Net Income From Continuing Operation Net Minority Interest": 87065000.0,
        "Reconciled Depreciation": 53636000.0,
        "Reconciled Cost Of Revenue": 175582000.0,
        "EBITDA": 184496000.0,
        "EBIT": 130860000.0,
        "Net Interest Income": -69644000.0,
        "Interest Expense": 69195000.0,
        "Interest Income": 6318000.0,
        "Normalized Income": 135897740.0,
        "Net Income From Continuing And Discontinued Operation": 87065000.0,
        "Total Expenses": 315006000.0,
        "Total Operating Income As Reported": 125792000.0,
        "Diluted Average Shares": 35636000.0,
        "Basic Average Shares": 33793000.0,
        "Diluted EPS": 2.44,
        "Basic EPS": 2.58,
        "Diluted NI Availto Com Stockholders": 87065000.0,
        "Net Income Common Stockholders": 87065000.0,
        "Net Income": 87065000.0,
        "Net Income Including Noncontrolling Interests": 87065000.0,
        "Net Income Continuous Operations": 87065000.0,
        "Tax Provision": -25400000.0,
        "Pretax Income": 61665000.0,
        "Other Income Expense": -75180000.0,
        "Other Non Operating Income Expenses": -1191000.0,
        "Special Income Charges": -79506000.0,
        "Other Special Charges": -168000.0,
        "Write Off": 79674000.0,
        "Gain On Sale Of Security": 5517000.0,
        "Net Non Operating Interest Income Expense": -69644000.0,
        "Total Other Finance Cost": 6767000.0,
        "Interest Expense Non Operating": 69195000.0,
        "Interest Income Non Operating": 6318000.0,
        "Operating Income": 206489000.0,
        "Operating Expense": 139424000.0,
        "Other Operating Expenses": NaN,
        "Selling General And Administration": 139424000.0,
        "Selling And Marketing Expense": 78732000.0,
        "General And Administrative Expense": 60692000.0,
        "Other Gand A": 60692000.0,
        "Gross Profit": 345913000.0,
        "Cost Of Revenue": 175582000.0,
        "Total Revenue": 521495000.0,
        "Excise Taxes": 17281000.0,
        "Operating Revenue": 678397000.0
    },
    "2023-09-30": {
        "Tax Effect Of Unusual Items": -17374000.0,
        "Tax Rate For Calcs": 0.34,
        "Normalized EBITDA": 220058000.0,
        "Total Unusual Items": -51100000.0,
        "Total Unusual Items Excluding Goodwill": -51100000.0,
        "Net Income From Continuing Operation Net Minority Interest": -2800000.0,
        "Reconciled Depreciation": 50758000.0,
        "Reconciled Cost Of Revenue": 167500000.0,
        "EBITDA": 168958000.0,
        "EBIT": 118200000.0,
        "Net Interest Income": -65700000.0,
        "Interest Expense": 86800000.0,
        "Interest Income": 21100000.0,
        "Normalized Income": 30926000.0,
        "Net Income From Continuing And Discontinued Operation": -2800000.0,
        "Total Expenses": 337500000.0,
        "Total Operating Income As Reported": 97000000.0,
        "Diluted Average Shares": 28000000.0,
        "Basic Average Shares": 28000000.0,
        "Diluted EPS": -0.1,
        "Basic EPS": -0.1,
        "Diluted NI Availto Com Stockholders": -2800000.0,
        "Net Income Common Stockholders": -2800000.0,
        "Net Income": -2800000.0,
        "Net Income Including Noncontrolling Interests": -2800000.0,
        "Net Income Continuous Operations": -2800000.0,
        "Tax Provision": 34200000.0,
        "Pretax Income": 31400000.0,
        "Other Income Expense": -53300000.0,
        "Other Non Operating Income Expenses": -2200000.0,
        "Special Income Charges": -51100000.0,
        "Other Special Charges": NaN,
        "Write Off": 51100000.0,
        "Gain On Sale Of Security": NaN,
        "Net Non Operating Interest Income Expense": -65700000.0,
        "Total Other Finance Cost": NaN,
        "Interest Expense Non Operating": 86800000.0,
        "Interest Income Non Operating": 21100000.0,
        "Operating Income": 150400000.0,
        "Operating Expense": 170000000.0,
        "Other Operating Expenses": NaN,
        "Selling General And Administration": 170000000.0,
        "Selling And Marketing Expense": 93200000.0,
        "General And Administrative Expense": 76800000.0,
        "Other Gand A": 76800000.0,
        "Gross Profit": 320400000.0,
        "Cost Of Revenue": 167500000.0,
        "Total Revenue": 488000000.0,
        "Excise Taxes": NaN,
        "Operating Revenue": 488000000.0
    },
    "2023-12-31": {
        "Tax Effect Of Unusual Items": -21533900.0,
        "Tax Rate For Calcs": 0.34,
        "Normalized EBITDA": 184156000.0,
        "Total Unusual Items": -63335000.0,
        "Total Unusual Items Excluding Goodwill": -63335000.0,
        "Net Income From Continuing Operation Net Minority Interest": -31708000.0,
        "Reconciled Depreciation": 55958000.0,
        "Reconciled Cost Of Revenue": 175080000.0,
        "EBITDA": 120821000.0,
        "EBIT": 64863000.0,
        "Net Interest Income": -133128000.0,
        "Interest Expense": 88474000.0,
        "Interest Income": -21721000.0,
        "Normalized Income": 10093100.0,
        "Net Income From Continuing And Discontinued Operation": -31708000.0,
        "Total Expenses": 340567000.0,
        "Total Operating Income As Reported": 77664000.0,
        "Diluted Average Shares": NaN,
        "Basic Average Shares": NaN,
        "Diluted EPS": NaN,
        "Basic EPS": NaN,
        "Diluted NI Availto Com Stockholders": -31708000.0,
        "Net Income Common Stockholders": -31708000.0,
        "Net Income": -31708000.0,
        "Net Income Including Noncontrolling Interests": -31708000.0,
        "Net Income Continuous Operations": -31708000.0,
        "Tax Provision": 8097000.0,
        "Pretax Income": -23611000.0,
        "Other Income Expense": -58841000.0,
        "Other Non Operating Income Expenses": 4494000.0,
        "Special Income Charges": -95088000.0,
        "Other Special Charges": NaN,
        "Write Off": 85041000.0,
        "Gain On Sale Of Security": NaN,
        "Net Non Operating Interest Income Expense": -133128000.0,
        "Total Other Finance Cost": NaN,
        "Interest Expense Non Operating": 88474000.0,
        "Interest Income Non Operating": -21721000.0,
        "Operating Income": 168258000.0,
        "Operating Expense": 165487000.0,
        "Other Operating Expenses": NaN,
        "Selling General And Administration": 165487000.0,
        "Selling And Marketing Expense": 98301000.0,
        "General And Administrative Expense": 67186000.0,
        "Other Gand A": 67186000.0,
        "Gross Profit": 333745000.0,
        "Cost Of Revenue": 175080000.0,
        "Total Revenue": 508825000.0,
        "Excise Taxes": NaN,
        "Operating Revenue": 1033926000.0
    }
}