{
    "2023-03-31": {
        "Tax Effect Of Unusual Items": NaN,
        "Tax Rate For Calcs": NaN,
        "Normalized EBITDA": NaN,
        "Total Unusual Items": NaN,
        "Total Unusual Items Excluding Goodwill": NaN,
        "Net Income From Continuing Operation Net Minority Interest": NaN,
        "Reconciled Depreciation": NaN,
        "Reconciled Cost Of Revenue": NaN,
        "EBITDA": NaN,
        "EBIT": NaN,
        "Net Interest Income": NaN,
        "Interest Expense": NaN,
        "Normalized Income": NaN,
        "Net Income From Continuing And Discontinued Operation": NaN,
        "Total Expenses": NaN,
        "Rent Expense Supplemental": 9080000.0,
        "Total Operating Income As Reported": NaN,
        "Diluted Average Shares": NaN,
        "Basic Average Shares": NaN,
        "Diluted EPS": NaN,
        "Basic EPS": NaN,
        "Diluted NI Availto Com Stockholders": NaN,
        "Average Dilution Earnings": NaN,
        "Net Income Common Stockholders": NaN,
        "Otherunder Preferred Stock Dividend": NaN,
        "Net Income": NaN,
        "Net Income Including Noncontrolling Interests": NaN,
        "Net Income Continuous Operations": NaN,
        "Tax Provision": NaN,
        "Pretax Income": NaN,
        "Other Income Expense": NaN,
        "Other Non Operating Income Expenses": NaN,
        "Gain On Sale Of Security": NaN,
        "Net Non Operating Interest Income Expense": NaN,
        "Interest Expense Non Operating": NaN,
        "Operating Income": NaN,
        "Operating Expense": NaN,
        "Selling General And Administration": NaN,
        "General And Administrative Expense": NaN,
        "Other Gand A": NaN,
        "Rent And Landing Fees": 9080000.0,
        "Salaries And Wages": NaN,
        "Gross Profit": NaN,
        "Cost Of Revenue": NaN,
        "Total Revenue": NaN,
        "Operating Revenue": NaN
    },
    "2023-06-30": {
        "Tax Effect Of Unusual Items": NaN,
        "Tax Rate For Calcs": NaN,
        "Normalized EBITDA": NaN,
        "Total Unusual Items": NaN,
        "Total Unusual Items Excluding Goodwill": NaN,
        "Net Income From Continuing Operation Net Minority Interest": NaN,
        "Reconciled Depreciation": NaN,
        "Reconciled Cost Of Revenue": NaN,
        "EBITDA": NaN,
        "EBIT": NaN,
        "Net Interest Income": NaN,
        "Interest Expense": NaN,
        "Normalized Income": NaN,
        "Net Income From Continuing And Discontinued Operation": NaN,
        "Total Expenses": NaN,
        "Rent Expense Supplemental": 9316000.0,
        "Total Operating Income As Reported": NaN,
        "Diluted Average Shares": 33077824.0,
        "Basic Average Shares": 29659771.0,
        "Diluted EPS": 0.29,
        "Basic EPS": 0.29,
        "Diluted NI Availto Com Stockholders": NaN,
        "Average Dilution Earnings": 932000.0,
        "Net Income Common Stockholders": NaN,
        "Otherunder Preferred Stock Dividend": NaN,
        "Net Income": NaN,
        "Net Income Including Noncontrolling Interests": NaN,
        "Net Income Continuous Operations": NaN,
        "Tax Provision": NaN,
        "Pretax Income": NaN,
        "Other Income Expense": NaN,
        "Other Non Operating Income Expenses": NaN,
        "Gain On Sale Of Security": NaN,
        "Net Non Operating Interest Income Expense": NaN,
        "Interest Expense Non Operating": NaN,
        "Operating Income": NaN,
        "Operating Expense": NaN,
        "Selling General And Administration": NaN,
        "General And Administrative Expense": NaN,
        "Other Gand A": NaN,
        "Rent And Landing Fees": 9316000.0,
        "Salaries And Wages": NaN,
        "Gross Profit": NaN,
        "Cost Of Revenue": NaN,
        "Total Revenue": NaN,
        "Operating Revenue": NaN
    },
    "2022-12-31": {
        "Diluted EPS": 0.0,
        "Total Revenue": NaN,
        "Gross Profit": NaN,
        "Operating Income": NaN,
        "EBIT": NaN,
        "Net Income": NaN
    },
    "2022-06-30": {
        "Diluted EPS": 0.04,
        "Total Revenue": 79,
        "Gross Profit": 72,
        "Operating Income": 29,
        "EBIT": 44,
        "Net Income": 17
    },
    "2022-03-31": {
        "Diluted EPS": -0.02,
        "Total Revenue": 65,
        "Gross Profit": 65,
        "Operating Income": 30,
        "EBIT": 45,
        "Net Income": NaN
    },
    "2021-12-31": {
        "Diluted EPS": 0.0,
        "Total Revenue": NaN,
        "Gross Profit": NaN,
        "Operating Income": NaN,
        "EBIT": NaN,
        "Net Income": NaN
    },
    "2023-09-30": {
        "Tax Effect Of Unusual Items": -6011524.314766,
        "Tax Rate For Calcs": 0.351901,
        "Normalized EBITDA": 35000000.0,
        "Total Unusual Items": -17083000.0,
        "Total Unusual Items Excluding Goodwill": -17083000.0,
        "Net Income From Continuing Operation Net Minority Interest": -1466000.0,
        "Reconciled Depreciation": 19013000.0,
        "Reconciled Cost Of Revenue": 34150000.0,
        "EBITDA": 17917000.0,
        "EBIT": -1096000.0,
        "Net Interest Income": -1166000.0,
        "Interest Expense": 1166000.0,
        "Normalized Income": 9605475.685234,
        "Net Income From Continuing And Discontinued Operation": -1466000.0,
        "Total Expenses": 39116000.0,
        "Rent Expense Supplemental": NaN,
        "Total Operating Income As Reported": 15938000.0,
        "Diluted Average Shares": 29659763.0,
        "Basic Average Shares": 29659763.0,
        "Diluted EPS": -0.05,
        "Basic EPS": -0.05,
        "Diluted NI Availto Com Stockholders": -1466000.0,
        "Average Dilution Earnings": 0.0,
        "Net Income Common Stockholders": -1466000.0,
        "Otherunder Preferred Stock Dividend": 0.0,
        "Net Income": -1466000.0,
        "Net Income Including Noncontrolling Interests": -1466000.0,
        "Net Income Continuous Operations": -1466000.0,
        "Tax Provision": -796000.0,
        "Pretax Income": -2262000.0,
        "Other Income Expense": -17034000.0,
        "Other Non Operating Income Expenses": 49000.0,
        "Gain On Sale Of Security": -17083000.0,
        "Net Non Operating Interest Income Expense": -1166000.0,
        "Interest Expense Non Operating": 1166000.0,
        "Operating Income": 15938000.0,
        "Operating Expense": 4966000.0,
        "Selling General And Administration": 4966000.0,
        "General And Administrative Expense": 4966000.0,
        "Other Gand A": 3820000.0,
        "Rent And Landing Fees": NaN,
        "Salaries And Wages": 1146000.0,
        "Gross Profit": 20904000.0,
        "Cost Of Revenue": 34150000.0,
        "Total Revenue": 55054000.0,
        "Operating Revenue": 55054000.0
    },
    "2023-12-31": {
        "Tax Effect Of Unusual Items": 3647490.0,
        "Tax Rate For Calcs": 0.21,
        "Normalized EBITDA": 45435000.0,
        "Total Unusual Items": 17369000.0,
        "Total Unusual Items Excluding Goodwill": 17369000.0,
        "Net Income From Continuing Operation Net Minority Interest": 19917000.0,
        "Reconciled Depreciation": 25512000.0,
        "Reconciled Cost Of Revenue": 42942000.0,
        "EBITDA": 62804000.0,
        "EBIT": 37292000.0,
        "Net Interest Income": -1815000.0,
        "Interest Expense": 1815000.0,
        "Normalized Income": 6195490.0,
        "Net Income From Continuing And Discontinued Operation": 19917000.0,
        "Total Expenses": 49421000.0,
        "Rent Expense Supplemental": NaN,
        "Total Operating Income As Reported": 19882000.0,
        "Diluted Average Shares": NaN,
        "Basic Average Shares": NaN,
        "Diluted EPS": NaN,
        "Basic EPS": NaN,
        "Diluted NI Availto Com Stockholders": 19917000.0,
        "Average Dilution Earnings": NaN,
        "Net Income Common Stockholders": 19917000.0,
        "Otherunder Preferred Stock Dividend": 0.0,
        "Net Income": 19917000.0,
        "Net Income Including Noncontrolling Interests": 19917000.0,
        "Net Income Continuous Operations": 19917000.0,
        "Tax Provision": 15560000.0,
        "Pretax Income": 35477000.0,
        "Other Income Expense": 17410000.0,
        "Other Non Operating Income Expenses": 41000.0,
        "Gain On Sale Of Security": 17369000.0,
        "Net Non Operating Interest Income Expense": -1815000.0,
        "Interest Expense Non Operating": 1815000.0,
        "Operating Income": 19882000.0,
        "Operating Expense": 6479000.0,
        "Selling General And Administration": 6479000.0,
        "General And Administrative Expense": 6479000.0,
        "Other Gand A": 4791000.0,
        "Rent And Landing Fees": NaN,
        "Salaries And Wages": 1688000.0,
        "Gross Profit": 26361000.0,
        "Cost Of Revenue": 42942000.0,
        "Total Revenue": 69303000.0,
        "Operating Revenue": 69303000.0
    },
    "2024-03-31": {
        "Tax Effect Of Unusual Items": -3464293.452177,
        "Tax Rate For Calcs": 0.2506,
        "Normalized EBITDA": 36655000.0,
        "Total Unusual Items": -13824000.0,
        "Total Unusual Items Excluding Goodwill": -13824000.0,
        "Net Income From Continuing Operation Net Minority Interest": -2186000.0,
        "Reconciled Depreciation": 23545000.0,
        "Reconciled Cost Of Revenue": 41135000.0,
        "EBITDA": 22831000.0,
        "EBIT": -714000.0,
        "Net Interest Income": -2203000.0,
        "Interest Expense": 2203000.0,
        "Normalized Income": 8173706.547823,
        "Net Income From Continuing And Discontinued Operation": -2186000.0,
        "Total Expenses": 48114000.0,
        "Rent Expense Supplemental": NaN,
        "Total Operating Income As Reported": 13079000.0,
        "Diluted Average Shares": 29933962.0,
        "Basic Average Shares": 29933962.0,
        "Diluted EPS": -0.07,
        "Basic EPS": -0.07,
        "Diluted NI Availto Com Stockholders": -2186000.0,
        "Average Dilution Earnings": NaN,
        "Net Income Common Stockholders": -2186000.0,
        "Otherunder Preferred Stock Dividend": 0.0,
        "Net Income": -2186000.0,
        "Net Income Including Noncontrolling Interests": -2186000.0,
        "Net Income Continuous Operations": -2186000.0,
        "Tax Provision": -731000.0,
        "Pretax Income": -2917000.0,
        "Other Income Expense": -13793000.0,
        "Other Non Operating Income Expenses": 31000.0,
        "Gain On Sale Of Security": -13824000.0,
        "Net Non Operating Interest Income Expense": -2203000.0,
        "Interest Expense Non Operating": 2203000.0,
        "Operating Income": 13079000.0,
        "Operating Expense": 6979000.0,
        "Selling General And Administration": 6979000.0,
        "General And Administrative Expense": 6979000.0,
        "Other Gand A": 5374000.0,
        "Rent And Landing Fees": NaN,
        "Salaries And Wages": 1605000.0,
        "Gross Profit": 20058000.0,
        "Cost Of Revenue": 41135000.0,
        "Total Revenue": 61193000.0,
        "Operating Revenue": 61193000.0
    },
    "2024-06-30": {
        "Tax Effect Of Unusual Items": 95437.628372,
        "Tax Rate For Calcs": 0.251814,
        "Normalized EBITDA": 42127000.0,
        "Total Unusual Items": 379000.0,
        "Total Unusual Items Excluding Goodwill": 379000.0,
        "Net Income From Continuing Operation Net Minority Interest": 10928000.0,
        "Reconciled Depreciation": 25315000.0,
        "Reconciled Cost Of Revenue": 43013000.0,
        "EBITDA": 42506000.0,
        "EBIT": 17191000.0,
        "Net Interest Income": -2585000.0,
        "Interest Expense": 2585000.0,
        "Normalized Income": 10644437.628372,
        "Net Income From Continuing And Discontinued Operation": 10928000.0,
        "Total Expenses": 49784000.0,
        "Rent Expense Supplemental": NaN,
        "Total Operating Income As Reported": 16814000.0,
        "Diluted Average Shares": 33026818.0,
        "Basic Average Shares": 30046190.0,
        "Diluted EPS": 0.33,
        "Basic EPS": 0.36,
        "Diluted NI Availto Com Stockholders": 10928000.0,
        "Average Dilution Earnings": 0.0,
        "Net Income Common Stockholders": 10928000.0,
        "Otherunder Preferred Stock Dividend": 0.0,
        "Net Income": 10928000.0,
        "Net Income Including Noncontrolling Interests": 10928000.0,
        "Net Income Continuous Operations": 10928000.0,
        "Tax Provision": 3678000.0,
        "Pretax Income": 14606000.0,
        "Other Income Expense": 377000.0,
        "Other Non Operating Income Expenses": -2000.0,
        "Gain On Sale Of Security": 379000.0,
        "Net Non Operating Interest Income Expense": -2585000.0,
        "Interest Expense Non Operating": 2585000.0,
        "Operating Income": 16814000.0,
        "Operating Expense": 6771000.0,
        "Selling General And Administration": 6771000.0,
        "General And Administrative Expense": 6771000.0,
        "Other Gand A": 4724000.0,
        "Rent And Landing Fees": NaN,
        "Salaries And Wages": 2047000.0,
        "Gross Profit": 23585000.0,
        "Cost Of Revenue": 43013000.0,
        "Total Revenue": 66598000.0,
        "Operating Revenue": 66598000.0
    },
    "2024-09-30": {
        "Tax Effect Of Unusual Items": 4565504.183924,
        "Tax Rate For Calcs": 0.262869,
        "Normalized EBITDA": 33932000.0,
        "Total Unusual Items": 17368000.0,
        "Total Unusual Items Excluding Goodwill": 17368000.0,
        "Net Income From Continuing Operation Net Minority Interest": 17442000.0,
        "Reconciled Depreciation": 24916000.0,
        "Reconciled Cost Of Revenue": 41866000.0,
        "EBITDA": 51300000.0,
        "EBIT": 26384000.0,
        "Net Interest Income": -2722000.0,
        "Interest Expense": 2722000.0,
        "Normalized Income": 4639504.183924,
        "Net Income From Continuing And Discontinued Operation": 17442000.0,
        "Total Expenses": 49299000.0,
        "Rent Expense Supplemental": NaN,
        "Total Operating Income As Reported": 8981000.0,
        "Diluted Average Shares": 32987524.0,
        "Basic Average Shares": 30075956.0,
        "Diluted EPS": 0.53,
        "Basic EPS": 0.56,
        "Diluted NI Availto Com Stockholders": 17442000.0,
        "Average Dilution Earnings": NaN,
        "Net Income Common Stockholders": 17442000.0,
        "Otherunder Preferred Stock Dividend": 0.0,
        "Net Income": 17442000.0,
        "Net Income Including Noncontrolling Interests": 17442000.0,
        "Net Income Continuous Operations": 17442000.0,
        "Tax Provision": 6220000.0,
        "Pretax Income": 23662000.0,
        "Other Income Expense": 17403000.0,
        "Other Non Operating Income Expenses": 35000.0,
        "Gain On Sale Of Security": 17368000.0,
        "Net Non Operating Interest Income Expense": -2722000.0,
        "Interest Expense Non Operating": 2722000.0,
        "Operating Income": 8981000.0,
        "Operating Expense": 7433000.0,
        "Selling General And Administration": 7433000.0,
        "General And Administrative Expense": 7433000.0,
        "Other Gand A": 5231000.0,
        "Rent And Landing Fees": NaN,
        "Salaries And Wages": 2202000.0,
        "Gross Profit": 16414000.0,
        "Cost Of Revenue": 41866000.0,
        "Total Revenue": 58280000.0,
        "Operating Revenue": 58280000.0
    }
}