{
    "2023-03-31": {
        "Tax Effect Of Unusual Items": NaN,
        "Tax Rate For Calcs": NaN,
        "Normalized EBITDA": NaN,
        "Total Unusual Items": NaN,
        "Total Unusual Items Excluding Goodwill": NaN,
        "Net Income From Continuing Operation Net Minority Interest": NaN,
        "Reconciled Depreciation": NaN,
        "Reconciled Cost Of Revenue": NaN,
        "EBITDA": NaN,
        "EBIT": NaN,
        "Net Interest Income": NaN,
        "Interest Expense": 13300000.0,
        "Normalized Income": NaN,
        "Net Income From Continuing And Discontinued Operation": NaN,
        "Total Expenses": NaN,
        "Total Operating Income As Reported": NaN,
        "Diluted Average Shares": NaN,
        "Basic Average Shares": NaN,
        "Diluted EPS": NaN,
        "Basic EPS": NaN,
        "Diluted NI Availto Com Stockholders": NaN,
        "Net Income Common Stockholders": NaN,
        "Net Income": NaN,
        "Net Income Including Noncontrolling Interests": NaN,
        "Net Income Discontinuous Operations": NaN,
        "Net Income Continuous Operations": NaN,
        "Tax Provision": NaN,
        "Pretax Income": NaN,
        "Other Income Expense": -3800000.0,
        "Other Non Operating Income Expenses": -3600000.0,
        "Special Income Charges": NaN,
        "Restructuring And Mergern Acquisition": NaN,
        "Net Non Operating Interest Income Expense": NaN,
        "Total Other Finance Cost": NaN,
        "Interest Expense Non Operating": 13300000.0,
        "Operating Income": NaN,
        "Operating Expense": NaN,
        "Other Operating Expenses": -900000.0,
        "Selling General And Administration": NaN,
        "General And Administrative Expense": 66200000.0,
        "Other Gand A": 62600000.0,
        "Salaries And Wages": 3600000.0,
        "Gross Profit": NaN,
        "Cost Of Revenue": NaN,
        "Total Revenue": NaN,
        "Operating Revenue": NaN
    },
    "2022-12-31": {
        "Tax Effect Of Unusual Items": NaN,
        "Tax Rate For Calcs": NaN,
        "Normalized EBITDA": NaN,
        "Total Unusual Items": NaN,
        "Total Unusual Items Excluding Goodwill": NaN,
        "Net Income From Continuing Operation Net Minority Interest": NaN,
        "Reconciled Depreciation": NaN,
        "Reconciled Cost Of Revenue": NaN,
        "EBITDA": NaN,
        "EBIT": NaN,
        "Net Interest Income": NaN,
        "Interest Expense": 18700000.0,
        "Normalized Income": NaN,
        "Net Income From Continuing And Discontinued Operation": NaN,
        "Total Expenses": NaN,
        "Total Operating Income As Reported": NaN,
        "Diluted Average Shares": NaN,
        "Basic Average Shares": NaN,
        "Diluted EPS": NaN,
        "Basic EPS": NaN,
        "Diluted NI Availto Com Stockholders": NaN,
        "Net Income Common Stockholders": NaN,
        "Net Income": NaN,
        "Net Income Including Noncontrolling Interests": NaN,
        "Net Income Discontinuous Operations": NaN,
        "Net Income Continuous Operations": NaN,
        "Tax Provision": NaN,
        "Pretax Income": NaN,
        "Other Income Expense": NaN,
        "Other Non Operating Income Expenses": -3700000.0,
        "Special Income Charges": NaN,
        "Restructuring And Mergern Acquisition": NaN,
        "Net Non Operating Interest Income Expense": NaN,
        "Total Other Finance Cost": NaN,
        "Interest Expense Non Operating": 18700000.0,
        "Operating Income": NaN,
        "Operating Expense": NaN,
        "Other Operating Expenses": NaN,
        "Selling General And Administration": NaN,
        "General And Administrative Expense": NaN,
        "Other Gand A": NaN,
        "Salaries And Wages": NaN,
        "Gross Profit": NaN,
        "Cost Of Revenue": NaN,
        "Total Revenue": NaN,
        "Operating Revenue": NaN
    },
    "2022-09-30": {
        "Tax Effect Of Unusual Items": NaN,
        "Tax Rate For Calcs": NaN,
        "Normalized EBITDA": NaN,
        "Total Unusual Items": NaN,
        "Total Unusual Items Excluding Goodwill": NaN,
        "Net Income From Continuing Operation Net Minority Interest": NaN,
        "Reconciled Depreciation": NaN,
        "Reconciled Cost Of Revenue": NaN,
        "EBITDA": NaN,
        "EBIT": NaN,
        "Net Interest Income": NaN,
        "Interest Expense": 15300000.0,
        "Normalized Income": NaN,
        "Net Income From Continuing And Discontinued Operation": NaN,
        "Total Expenses": NaN,
        "Total Operating Income As Reported": NaN,
        "Diluted Average Shares": NaN,
        "Basic Average Shares": NaN,
        "Diluted EPS": NaN,
        "Basic EPS": NaN,
        "Diluted NI Availto Com Stockholders": NaN,
        "Net Income Common Stockholders": NaN,
        "Net Income": NaN,
        "Net Income Including Noncontrolling Interests": NaN,
        "Net Income Discontinuous Operations": NaN,
        "Net Income Continuous Operations": NaN,
        "Tax Provision": NaN,
        "Pretax Income": NaN,
        "Other Income Expense": NaN,
        "Other Non Operating Income Expenses": -34900000.0,
        "Special Income Charges": NaN,
        "Restructuring And Mergern Acquisition": NaN,
        "Net Non Operating Interest Income Expense": NaN,
        "Total Other Finance Cost": NaN,
        "Interest Expense Non Operating": 15300000.0,
        "Operating Income": NaN,
        "Operating Expense": NaN,
        "Other Operating Expenses": NaN,
        "Selling General And Administration": NaN,
        "General And Administrative Expense": NaN,
        "Other Gand A": NaN,
        "Salaries And Wages": NaN,
        "Gross Profit": NaN,
        "Cost Of Revenue": NaN,
        "Total Revenue": NaN,
        "Operating Revenue": NaN
    },
    "2022-06-30": {
        "Tax Effect Of Unusual Items": -2558139.534884,
        "Tax Rate For Calcs": 0.232558,
        "Normalized EBITDA": 184000000.0,
        "Total Unusual Items": -11000000.0,
        "Total Unusual Items Excluding Goodwill": -11000000.0,
        "Net Income From Continuing Operation Net Minority Interest": 99000000.0,
        "Reconciled Depreciation": 25000000.0,
        "Reconciled Cost Of Revenue": 681000000.0,
        "EBITDA": 173000000.0,
        "EBIT": 148000000.0,
        "Net Interest Income": -19000000.0,
        "Interest Expense": 19000000.0,
        "Normalized Income": 107441860.465116,
        "Net Income From Continuing And Discontinued Operation": 99000000.0,
        "Total Expenses": 819000000.0,
        "Total Operating Income As Reported": 138000000.0,
        "Diluted Average Shares": 179800000.0,
        "Basic Average Shares": 178600000.0,
        "Diluted EPS": 0.55,
        "Basic EPS": 0.55,
        "Diluted NI Availto Com Stockholders": 99000000.0,
        "Net Income Common Stockholders": 99000000.0,
        "Net Income": 99000000.0,
        "Net Income Including Noncontrolling Interests": 99000000.0,
        "Net Income Discontinuous Operations": NaN,
        "Net Income Continuous Operations": 99000000.0,
        "Tax Provision": 30000000.0,
        "Pretax Income": 129000000.0,
        "Other Income Expense": 10000000.0,
        "Other Non Operating Income Expenses": 10000000.0,
        "Special Income Charges": -11000000.0,
        "Restructuring And Mergern Acquisition": 11000000.0,
        "Earnings From Equity Interest": 11000000.0,
        "Net Non Operating Interest Income Expense": -19000000.0,
        "Total Other Finance Cost": NaN,
        "Interest Expense Non Operating": 19000000.0,
        "Operating Income": 138000000.0,
        "Operating Expense": 138000000.0,
        "Other Operating Expenses": NaN,
        "Selling General And Administration": 138000000.0,
        "Gross Profit": 276000000.0,
        "Cost Of Revenue": 681000000.0,
        "Total Revenue": 957000000.0,
        "Operating Revenue": 957000000.0
    },
    "2022-03-31": {
        "Diluted EPS": 0.45,
        "Total Revenue": 296,
        "Gross Profit": 107,
        "Operating Income": 40,
        "EBIT": 58,
        "Net Income": 81
    },
    "2021-12-31": {
        "Diluted EPS": 0.48,
        "Total Revenue": 287,
        "Gross Profit": 112,
        "Operating Income": 52,
        "EBIT": 69,
        "Net Income": 87
    },
    "2021-09-30": {
        "Diluted EPS": 0.92,
        "Total Revenue": NaN,
        "Gross Profit": -302,
        "Operating Income": -146,
        "EBIT": -152,
        "Net Income": 168
    },
    "2021-06-30": {
        "Diluted EPS": 0.53,
        "Total Revenue": 792,
        "Gross Profit": 259,
        "Operating Income": 131,
        "EBIT": 155,
        "Net Income": 97
    },
    "2021-03-31": {
        "Diluted EPS": 0.37,
        "Total Revenue": 701,
        "Gross Profit": 247,
        "Operating Income": 131,
        "EBIT": 154,
        "Net Income": 68
    },
    "2020-12-31": {
        "Diluted EPS": 0.47,
        "Total Revenue": 653,
        "Gross Profit": 228,
        "Operating Income": 124,
        "EBIT": 145,
        "Net Income": 87
    },
    "2020-09-30": {
        "Diluted EPS": 0.65,
        "Total Revenue": -974,
        "Gross Profit": -304,
        "Operating Income": -149,
        "EBIT": -156,
        "Net Income": 122
    },
    "2020-06-30": {
        "Diluted EPS": 0.32,
        "Total Revenue": 516,
        "Gross Profit": 187,
        "Operating Income": 88,
        "EBIT": 105,
        "Net Income": 59
    },
    "2020-03-31": {
        "Diluted EPS": 0.33,
        "Total Revenue": 578,
        "Gross Profit": 207,
        "Operating Income": 117,
        "EBIT": 132,
        "Net Income": 63
    },
    "2019-12-31": {
        "Diluted EPS": 0.39,
        "Total Revenue": 607,
        "Gross Profit": 211,
        "Operating Income": 104,
        "EBIT": 120,
        "Net Income": 73
    },
    "2019-09-30": {
        "Diluted EPS": 0.15,
        "Total Revenue": 629,
        "Gross Profit": 217,
        "Operating Income": 113,
        "EBIT": 131,
        "Net Income": 27
    },
    "2019-06-30": {
        "Diluted EPS": 0.34,
        "Total Revenue": 613,
        "Gross Profit": 207,
        "Operating Income": 102,
        "EBIT": 117,
        "Net Income": 65
    },
    "2019-03-31": {
        "Diluted EPS": 0.33,
        "Total Revenue": 591,
        "Gross Profit": 203,
        "Operating Income": 96,
        "EBIT": 110,
        "Net Income": 63
    },
    "2018-12-31": {
        "Diluted EPS": 0.28,
        "Total Revenue": 557,
        "Gross Profit": 183,
        "Operating Income": 87,
        "EBIT": 101,
        "Net Income": 53
    },
    "2018-09-30": {
        "Diluted EPS": 0.23,
        "Total Revenue": 594,
        "Gross Profit": 203,
        "Operating Income": 105,
        "EBIT": 118,
        "Net Income": 45
    },
    "2018-06-30": {
        "Diluted EPS": 0.33,
        "Total Revenue": 577,
        "Gross Profit": 201,
        "Operating Income": 102,
        "EBIT": 117,
        "Net Income": 64
    },
    "2018-03-31": {
        "Diluted EPS": 0.33,
        "Total Revenue": 569,
        "Gross Profit": 207,
        "Operating Income": 100,
        "EBIT": 114,
        "Net Income": 67
    },
    "2017-12-31": {
        "Diluted EPS": -0.05,
        "Total Revenue": 545,
        "Gross Profit": 195,
        "Operating Income": 88,
        "EBIT": 100,
        "Net Income": -10
    },
    "2017-09-30": {
        "Diluted EPS": 0.52,
        "Total Revenue": 547,
        "Gross Profit": 196,
        "Operating Income": 113,
        "EBIT": 123,
        "Net Income": 105
    },
    "2017-06-30": {
        "Diluted EPS": 0.27,
        "Total Revenue": 534,
        "Gross Profit": 197,
        "Operating Income": 87,
        "EBIT": 99,
        "Net Income": 56
    },
    "2017-03-31": {
        "Diluted EPS": 0.35,
        "Total Revenue": 514,
        "Gross Profit": 198,
        "Operating Income": 100,
        "EBIT": 110,
        "Net Income": 71
    },
    "2016-12-31": {
        "Diluted EPS": 0.35,
        "Total Revenue": 489,
        "Gross Profit": 185,
        "Operating Income": 94,
        "EBIT": 104,
        "Net Income": 72
    },
    "2016-09-30": {
        "Diluted EPS": 0.51,
        "Total Revenue": 494,
        "Gross Profit": 181,
        "Operating Income": 83,
        "EBIT": 96,
        "Net Income": 65
    },
    "2016-06-30": {
        "Diluted EPS": 0.44,
        "Total Revenue": 499,
        "Gross Profit": 199,
        "Operating Income": 113,
        "EBIT": 123,
        "Net Income": 75
    },
    "2016-03-31": {
        "Diluted EPS": 0.33,
        "Total Revenue": 480,
        "Gross Profit": 192,
        "Operating Income": 104,
        "EBIT": 114,
        "Net Income": 68
    },
    "2015-12-31": {
        "Diluted EPS": 0.32,
        "Total Revenue": 456,
        "Gross Profit": 176,
        "Operating Income": 96,
        "EBIT": 105,
        "Net Income": 65
    },
    "2015-09-30": {
        "Diluted EPS": 0.0,
        "Total Revenue": NaN,
        "Gross Profit": NaN,
        "Operating Income": NaN,
        "EBIT": NaN,
        "Net Income": NaN
    },
    "2015-06-30": {
        "Diluted EPS": 0.0,
        "Total Revenue": NaN,
        "Gross Profit": NaN,
        "Operating Income": NaN,
        "EBIT": NaN,
        "Net Income": NaN
    },
    "2014-09-30": {
        "Diluted EPS": 0.0,
        "Total Revenue": NaN,
        "Gross Profit": NaN,
        "Operating Income": NaN,
        "EBIT": NaN,
        "Net Income": NaN
    },
    "2013-09-30": {
        "Diluted EPS": 0.0,
        "Total Revenue": NaN,
        "Gross Profit": NaN,
        "Operating Income": NaN,
        "EBIT": NaN,
        "Net Income": NaN
    },
    "2023-06-30": {
        "Tax Effect Of Unusual Items": -419200.0,
        "Tax Rate For Calcs": 0.262,
        "Normalized EBITDA": 107600000.0,
        "Total Unusual Items": -1600000.0,
        "Total Unusual Items Excluding Goodwill": -1600000.0,
        "Net Income From Continuing Operation Net Minority Interest": 64500000.0,
        "Reconciled Depreciation": 21600000.0,
        "Reconciled Cost Of Revenue": 225500000.0,
        "EBITDA": 106000000.0,
        "EBIT": 84400000.0,
        "Net Interest Income": 4600000.0,
        "Interest Expense": NaN,
        "Normalized Income": 65680800.0,
        "Net Income From Continuing And Discontinued Operation": 61600000.0,
        "Total Expenses": 291800000.0,
        "Total Operating Income As Reported": 86500000.0,
        "Diluted Average Shares": 162500000.0,
        "Basic Average Shares": 161500000.0,
        "Diluted EPS": 0.38,
        "Basic EPS": 0.38,
        "Diluted NI Availto Com Stockholders": 61600000.0,
        "Net Income Common Stockholders": 61600000.0,
        "Net Income": 61600000.0,
        "Net Income Including Noncontrolling Interests": 61600000.0,
        "Net Income Discontinuous Operations": -2900000.0,
        "Net Income Continuous Operations": 64500000.0,
        "Tax Provision": 22900000.0,
        "Pretax Income": 87400000.0,
        "Other Income Expense": -1600000.0,
        "Other Non Operating Income Expenses": -3700000.0,
        "Special Income Charges": -1600000.0,
        "Restructuring And Mergern Acquisition": 1600000.0,
        "Net Non Operating Interest Income Expense": 4600000.0,
        "Total Other Finance Cost": -4600000.0,
        "Interest Expense Non Operating": NaN,
        "Operating Income": 84400000.0,
        "Operating Expense": 66300000.0,
        "Other Operating Expenses": -3000000.0,
        "Selling General And Administration": 69300000.0,
        "General And Administrative Expense": 69300000.0,
        "Other Gand A": 65600000.0,
        "Salaries And Wages": 3700000.0,
        "Gross Profit": 150700000.0,
        "Cost Of Revenue": 225500000.0,
        "Total Revenue": 376200000.0,
        "Operating Revenue": 376200000.0
    },
    "2023-09-30": {
        "Tax Effect Of Unusual Items": -467824.310521,
        "Tax Rate For Calcs": 0.233912,
        "Normalized EBITDA": 102300000.0,
        "Total Unusual Items": -2000000.0,
        "Total Unusual Items Excluding Goodwill": -2000000.0,
        "Net Income From Continuing Operation Net Minority Interest": 75000000.0,
        "Reconciled Depreciation": 28100000.0,
        "Reconciled Cost Of Revenue": 241700000.0,
        "EBITDA": 100300000.0,
        "EBIT": 72200000.0,
        "Net Interest Income": -10900000.0,
        "Interest Expense": NaN,
        "Normalized Income": 76532175.689479,
        "Net Income From Continuing And Discontinued Operation": 48900000.0,
        "Total Expenses": 317800000.0,
        "Total Operating Income As Reported": 70200000.0,
        "Diluted Average Shares": 139200000.0,
        "Basic Average Shares": 138200000.0,
        "Diluted EPS": 0.32,
        "Basic EPS": 0.33,
        "Diluted NI Availto Com Stockholders": 48900000.0,
        "Net Income Common Stockholders": 48900000.0,
        "Net Income": 48900000.0,
        "Net Income Including Noncontrolling Interests": 48900000.0,
        "Net Income Discontinuous Operations": -26100000.0,
        "Net Income Continuous Operations": 75000000.0,
        "Tax Provision": 22900000.0,
        "Pretax Income": 97900000.0,
        "Other Income Expense": 36600000.0,
        "Other Non Operating Income Expenses": 38600000.0,
        "Special Income Charges": -2000000.0,
        "Restructuring And Mergern Acquisition": 2000000.0,
        "Net Non Operating Interest Income Expense": -10900000.0,
        "Total Other Finance Cost": 10900000.0,
        "Interest Expense Non Operating": NaN,
        "Operating Income": 72200000.0,
        "Operating Expense": 76100000.0,
        "Other Operating Expenses": NaN,
        "Selling General And Administration": 70300000.0,
        "General And Administrative Expense": NaN,
        "Other Gand A": NaN,
        "Salaries And Wages": NaN,
        "Gross Profit": 148300000.0,
        "Cost Of Revenue": 241700000.0,
        "Total Revenue": 390000000.0,
        "Operating Revenue": 390000000.0
    },
    "2023-12-31": {
        "Tax Effect Of Unusual Items": -26000.0,
        "Tax Rate For Calcs": 0.26,
        "Normalized EBITDA": 84100000.0,
        "Total Unusual Items": -100000.0,
        "Total Unusual Items Excluding Goodwill": -100000.0,
        "Net Income From Continuing Operation Net Minority Interest": 33900000.0,
        "Reconciled Depreciation": 24600000.0,
        "Reconciled Cost Of Revenue": 238600000.0,
        "EBITDA": 84000000.0,
        "EBIT": 59400000.0,
        "Net Interest Income": -13600000.0,
        "Interest Expense": 13600000.0,
        "Normalized Income": 33974000.0,
        "Net Income From Continuing And Discontinued Operation": 31900000.0,
        "Total Expenses": 313900000.0,
        "Total Operating Income As Reported": 62800000.0,
        "Diluted Average Shares": 132700000.0,
        "Basic Average Shares": 131800000.0,
        "Diluted EPS": 0.24,
        "Basic EPS": 0.24,
        "Diluted NI Availto Com Stockholders": 31900000.0,
        "Net Income Common Stockholders": 31900000.0,
        "Net Income": 31900000.0,
        "Net Income Including Noncontrolling Interests": 31900000.0,
        "Net Income Discontinuous Operations": -2000000.0,
        "Net Income Continuous Operations": 33900000.0,
        "Tax Provision": 11900000.0,
        "Pretax Income": 45800000.0,
        "Other Income Expense": -100000.0,
        "Other Non Operating Income Expenses": NaN,
        "Special Income Charges": -100000.0,
        "Restructuring And Mergern Acquisition": 100000.0,
        "Net Non Operating Interest Income Expense": -13600000.0,
        "Total Other Finance Cost": NaN,
        "Interest Expense Non Operating": 13600000.0,
        "Operating Income": 59500000.0,
        "Operating Expense": 75300000.0,
        "Other Operating Expenses": -2600000.0,
        "Selling General And Administration": 77900000.0,
        "General And Administrative Expense": 77900000.0,
        "Other Gand A": 74500000.0,
        "Salaries And Wages": 3400000.0,
        "Gross Profit": 134800000.0,
        "Cost Of Revenue": 238600000.0,
        "Total Revenue": 373400000.0,
        "Operating Revenue": 373400000.0
    },
    "2024-03-31": {
        "Tax Effect Of Unusual Items": 0.0,
        "Tax Rate For Calcs": 0.244,
        "Normalized EBITDA": 98400000.0,
        "Total Unusual Items": 0.0,
        "Total Unusual Items Excluding Goodwill": 0.0,
        "Net Income From Continuing Operation Net Minority Interest": 43300000.0,
        "Reconciled Depreciation": 25600000.0,
        "Reconciled Cost Of Revenue": 242500000.0,
        "EBITDA": 98400000.0,
        "EBIT": 72800000.0,
        "Net Interest Income": -15500000.0,
        "Interest Expense": 15500000.0,
        "Normalized Income": 43300000.0,
        "Net Income From Continuing And Discontinued Operation": 41400000.0,
        "Total Expenses": 315900000.0,
        "Total Operating Income As Reported": 76400000.0,
        "Diluted Average Shares": 130700000.0,
        "Basic Average Shares": 129800000.0,
        "Diluted EPS": 0.32,
        "Basic EPS": 0.32,
        "Diluted NI Availto Com Stockholders": 41400000.0,
        "Net Income Common Stockholders": 41400000.0,
        "Net Income": 41400000.0,
        "Net Income Including Noncontrolling Interests": 41400000.0,
        "Net Income Discontinuous Operations": -1900000.0,
        "Net Income Continuous Operations": 43300000.0,
        "Tax Provision": 14000000.0,
        "Pretax Income": 57300000.0,
        "Other Income Expense": NaN,
        "Other Non Operating Income Expenses": NaN,
        "Special Income Charges": 0.0,
        "Restructuring And Mergern Acquisition": 0.0,
        "Net Non Operating Interest Income Expense": -15500000.0,
        "Total Other Finance Cost": NaN,
        "Interest Expense Non Operating": 15500000.0,
        "Operating Income": 72800000.0,
        "Operating Expense": 73400000.0,
        "Other Operating Expenses": -2500000.0,
        "Selling General And Administration": 75900000.0,
        "General And Administrative Expense": 75900000.0,
        "Other Gand A": 72300000.0,
        "Salaries And Wages": 3600000.0,
        "Gross Profit": 146200000.0,
        "Cost Of Revenue": 242500000.0,
        "Total Revenue": 388700000.0,
        "Operating Revenue": 388700000.0
    },
    "2024-06-30": {
        "Tax Effect Of Unusual Items": -26100.0,
        "Tax Rate For Calcs": 0.261,
        "Normalized EBITDA": 117100000.0,
        "Total Unusual Items": -100000.0,
        "Total Unusual Items Excluding Goodwill": -100000.0,
        "Net Income From Continuing Operation Net Minority Interest": 48200000.0,
        "Reconciled Depreciation": 26900000.0,
        "Reconciled Cost Of Revenue": 253900000.0,
        "EBITDA": 117000000.0,
        "EBIT": 90100000.0,
        "Net Interest Income": -24800000.0,
        "Interest Expense": NaN,
        "Normalized Income": 48273900.0,
        "Net Income From Continuing And Discontinued Operation": 45900000.0,
        "Total Expenses": 331300000.0,
        "Total Operating Income As Reported": 93400000.0,
        "Diluted Average Shares": 130200000.0,
        "Basic Average Shares": 129400000.0,
        "Diluted EPS": 0.35,
        "Basic EPS": 0.35,
        "Diluted NI Availto Com Stockholders": 45900000.0,
        "Net Income Common Stockholders": 45900000.0,
        "Net Income": 45900000.0,
        "Net Income Including Noncontrolling Interests": 45900000.0,
        "Net Income Discontinuous Operations": -2300000.0,
        "Net Income Continuous Operations": 48200000.0,
        "Tax Provision": 17000000.0,
        "Pretax Income": 65200000.0,
        "Other Income Expense": -100000.0,
        "Other Non Operating Income Expenses": NaN,
        "Special Income Charges": -100000.0,
        "Restructuring And Mergern Acquisition": 100000.0,
        "Net Non Operating Interest Income Expense": -24800000.0,
        "Total Other Finance Cost": 24800000.0,
        "Interest Expense Non Operating": NaN,
        "Operating Income": 90100000.0,
        "Operating Expense": 77400000.0,
        "Other Operating Expenses": -3200000.0,
        "Selling General And Administration": 80600000.0,
        "General And Administrative Expense": 80600000.0,
        "Other Gand A": 77200000.0,
        "Salaries And Wages": 3400000.0,
        "Gross Profit": 167500000.0,
        "Cost Of Revenue": 253900000.0,
        "Total Revenue": 421400000.0,
        "Operating Revenue": 421400000.0
    }
}