{
    "2023-03-31": {
        "Tax Effect Of Unusual Items": NaN,
        "Tax Rate For Calcs": NaN,
        "Normalized EBITDA": NaN,
        "Net Income From Continuing Operation Net Minority Interest": NaN,
        "Reconciled Depreciation": NaN,
        "Reconciled Cost Of Revenue": NaN,
        "EBITDA": NaN,
        "EBIT": NaN,
        "Net Interest Income": NaN,
        "Interest Income": 2400000.0,
        "Normalized Income": NaN,
        "Net Income From Continuing And Discontinued Operation": NaN,
        "Total Expenses": NaN,
        "Total Operating Income As Reported": NaN,
        "Diluted Average Shares": NaN,
        "Basic Average Shares": NaN,
        "Diluted EPS": NaN,
        "Basic EPS": NaN,
        "Diluted NI Availto Com Stockholders": NaN,
        "Net Income Common Stockholders": NaN,
        "Net Income": NaN,
        "Net Income Including Noncontrolling Interests": NaN,
        "Net Income Continuous Operations": NaN,
        "Tax Provision": NaN,
        "Pretax Income": NaN,
        "Other Income Expense": NaN,
        "Other Non Operating Income Expenses": NaN,
        "Net Non Operating Interest Income Expense": NaN,
        "Total Other Finance Cost": NaN,
        "Interest Income Non Operating": 2400000.0,
        "Operating Income": NaN,
        "Operating Expense": NaN,
        "Depreciation Amortization Depletion Income Statement": NaN,
        "Depreciation And Amortization In Income Statement": NaN,
        "Research And Development": NaN,
        "Selling General And Administration": NaN,
        "Selling And Marketing Expense": NaN,
        "General And Administrative Expense": NaN,
        "Other Gand A": NaN,
        "Gross Profit": NaN,
        "Cost Of Revenue": NaN,
        "Total Revenue": NaN,
        "Operating Revenue": NaN
    },
    "2022-12-31": {
        "Tax Effect Of Unusual Items": NaN,
        "Tax Rate For Calcs": NaN,
        "Normalized EBITDA": NaN,
        "Net Income From Continuing Operation Net Minority Interest": NaN,
        "Reconciled Depreciation": NaN,
        "Reconciled Cost Of Revenue": NaN,
        "EBITDA": NaN,
        "EBIT": NaN,
        "Net Interest Income": NaN,
        "Interest Income": NaN,
        "Normalized Income": NaN,
        "Net Income From Continuing And Discontinued Operation": NaN,
        "Total Expenses": NaN,
        "Total Operating Income As Reported": NaN,
        "Diluted Average Shares": NaN,
        "Basic Average Shares": NaN,
        "Diluted EPS": NaN,
        "Basic EPS": NaN,
        "Diluted NI Availto Com Stockholders": NaN,
        "Net Income Common Stockholders": NaN,
        "Net Income": NaN,
        "Net Income Including Noncontrolling Interests": NaN,
        "Net Income Continuous Operations": NaN,
        "Tax Provision": NaN,
        "Pretax Income": NaN,
        "Other Income Expense": NaN,
        "Other Non Operating Income Expenses": NaN,
        "Net Non Operating Interest Income Expense": NaN,
        "Total Other Finance Cost": -1200000.0,
        "Interest Income Non Operating": NaN,
        "Operating Income": NaN,
        "Operating Expense": NaN,
        "Depreciation Amortization Depletion Income Statement": NaN,
        "Depreciation And Amortization In Income Statement": NaN,
        "Research And Development": NaN,
        "Selling General And Administration": NaN,
        "Selling And Marketing Expense": NaN,
        "General And Administrative Expense": NaN,
        "Other Gand A": NaN,
        "Gross Profit": NaN,
        "Cost Of Revenue": NaN,
        "Total Revenue": NaN,
        "Operating Revenue": NaN
    },
    "2022-09-30": {
        "Tax Effect Of Unusual Items": NaN,
        "Tax Rate For Calcs": NaN,
        "Normalized EBITDA": NaN,
        "Net Income From Continuing Operation Net Minority Interest": NaN,
        "Reconciled Depreciation": NaN,
        "Reconciled Cost Of Revenue": NaN,
        "EBITDA": NaN,
        "EBIT": NaN,
        "Net Interest Income": NaN,
        "Interest Income": NaN,
        "Normalized Income": NaN,
        "Net Income From Continuing And Discontinued Operation": NaN,
        "Total Expenses": NaN,
        "Total Operating Income As Reported": NaN,
        "Diluted Average Shares": NaN,
        "Basic Average Shares": NaN,
        "Diluted EPS": NaN,
        "Basic EPS": NaN,
        "Diluted NI Availto Com Stockholders": NaN,
        "Net Income Common Stockholders": NaN,
        "Net Income": NaN,
        "Net Income Including Noncontrolling Interests": NaN,
        "Net Income Continuous Operations": NaN,
        "Tax Provision": NaN,
        "Pretax Income": NaN,
        "Other Income Expense": NaN,
        "Other Non Operating Income Expenses": NaN,
        "Net Non Operating Interest Income Expense": NaN,
        "Total Other Finance Cost": -400000.0,
        "Interest Income Non Operating": NaN,
        "Operating Income": NaN,
        "Operating Expense": NaN,
        "Depreciation Amortization Depletion Income Statement": NaN,
        "Depreciation And Amortization In Income Statement": NaN,
        "Research And Development": NaN,
        "Selling General And Administration": NaN,
        "Selling And Marketing Expense": NaN,
        "General And Administrative Expense": NaN,
        "Other Gand A": NaN,
        "Gross Profit": NaN,
        "Cost Of Revenue": NaN,
        "Total Revenue": NaN,
        "Operating Revenue": NaN
    },
    "2022-06-30": {
        "Tax Effect Of Unusual Items": 0.0,
        "Tax Rate For Calcs": 0.29,
        "Normalized EBITDA": 5100000.0,
        "Net Income From Continuing Operation Net Minority Interest": 2300000.0,
        "Reconciled Depreciation": 1000000.0,
        "Reconciled Cost Of Revenue": 334900000.0,
        "EBITDA": 5100000.0,
        "EBIT": 4100000.0,
        "Net Interest Income": 0.0,
        "Interest Income": 0.0,
        "Normalized Income": 2300000.0,
        "Net Income From Continuing And Discontinued Operation": 2300000.0,
        "Total Expenses": 404800000.0,
        "Total Operating Income As Reported": 4100000.0,
        "Diluted Average Shares": 196800000.0,
        "Basic Average Shares": 192900000.0,
        "Diluted EPS": 0.01,
        "Basic EPS": 0.01,
        "Diluted NI Availto Com Stockholders": 2300000.0,
        "Net Income Common Stockholders": 2300000.0,
        "Net Income": 2300000.0,
        "Net Income Including Noncontrolling Interests": 2300000.0,
        "Net Income Continuous Operations": 2300000.0,
        "Tax Provision": 1000000.0,
        "Pretax Income": 3300000.0,
        "Other Income Expense": -800000.0,
        "Other Non Operating Income Expenses": -800000.0,
        "Net Non Operating Interest Income Expense": 0.0,
        "Total Other Finance Cost": NaN,
        "Interest Income Non Operating": 0.0,
        "Operating Income": 4100000.0,
        "Operating Expense": 69800000.0,
        "Depreciation Amortization Depletion Income Statement": 900000.0,
        "Depreciation And Amortization In Income Statement": 900000.0,
        "Research And Development": 9400000.0,
        "Selling General And Administration": 59500000.0,
        "Selling And Marketing Expense": 9200000.0,
        "General And Administrative Expense": 50300000.0,
        "Other Gand A": 50300000.0,
        "Gross Profit": 73900000.0,
        "Cost Of Revenue": 335000000.0,
        "Total Revenue": 408900000.0,
        "Operating Revenue": 408900000.0
    },
    "2022-03-31": {
        "Diluted EPS": -0.06,
        "Total Revenue": 486,
        "Gross Profit": 73,
        "Operating Income": -13,
        "EBIT": -12,
        "Net Income": -11
    },
    "2021-12-31": {
        "Diluted EPS": -0.06,
        "Total Revenue": 629,
        "Gross Profit": 77,
        "Operating Income": -20,
        "EBIT": -19,
        "Net Income": -10
    },
    "2021-09-30": {
        "Diluted EPS": -0.1,
        "Total Revenue": 588,
        "Gross Profit": 83,
        "Operating Income": -15,
        "EBIT": -14,
        "Net Income": -19
    },
    "2021-06-30": {
        "Diluted EPS": -0.08,
        "Total Revenue": 401,
        "Gross Profit": 80,
        "Operating Income": -9,
        "EBIT": -8,
        "Net Income": -14
    },
    "2021-03-31": {
        "Diluted EPS": 0.02,
        "Total Revenue": 506,
        "Gross Profit": 87,
        "Operating Income": 14,
        "EBIT": 14,
        "Net Income": 3
    },
    "2020-12-31": {
        "Diluted EPS": 0.22,
        "Total Revenue": 734,
        "Gross Profit": 102,
        "Operating Income": 53,
        "EBIT": 54,
        "Net Income": 41
    },
    "2020-09-30": {
        "Diluted EPS": 0.19,
        "Total Revenue": 582,
        "Gross Profit": 89,
        "Operating Income": 45,
        "EBIT": 46,
        "Net Income": 27
    },
    "2020-06-30": {
        "Diluted EPS": 0.09,
        "Total Revenue": 393,
        "Gross Profit": 58,
        "Operating Income": 23,
        "EBIT": 23,
        "Net Income": 14
    },
    "2020-03-31": {
        "Diluted EPS": 0.05,
        "Total Revenue": 333,
        "Gross Profit": 48,
        "Operating Income": 11,
        "EBIT": 11,
        "Net Income": 9
    },
    "2019-12-31": {
        "Diluted EPS": 0.0,
        "Total Revenue": NaN,
        "Gross Profit": NaN,
        "Operating Income": NaN,
        "EBIT": NaN,
        "Net Income": NaN
    },
    "2023-06-30": {
        "Tax Effect Of Unusual Items": NaN,
        "Tax Rate For Calcs": NaN,
        "Normalized EBITDA": NaN,
        "Net Income From Continuing Operation Net Minority Interest": NaN,
        "Reconciled Depreciation": NaN,
        "Reconciled Cost Of Revenue": NaN,
        "EBITDA": NaN,
        "EBIT": NaN,
        "Net Interest Income": NaN,
        "Interest Income": 3100000.0,
        "Normalized Income": NaN,
        "Net Income From Continuing And Discontinued Operation": NaN,
        "Total Expenses": NaN,
        "Total Operating Income As Reported": NaN,
        "Diluted Average Shares": NaN,
        "Basic Average Shares": NaN,
        "Diluted EPS": NaN,
        "Basic EPS": NaN,
        "Diluted NI Availto Com Stockholders": NaN,
        "Net Income Common Stockholders": NaN,
        "Net Income": NaN,
        "Net Income Including Noncontrolling Interests": NaN,
        "Net Income Continuous Operations": NaN,
        "Tax Provision": NaN,
        "Pretax Income": NaN,
        "Other Income Expense": NaN,
        "Other Non Operating Income Expenses": NaN,
        "Net Non Operating Interest Income Expense": NaN,
        "Total Other Finance Cost": NaN,
        "Interest Income Non Operating": 3100000.0,
        "Operating Income": NaN,
        "Operating Expense": NaN,
        "Depreciation Amortization Depletion Income Statement": NaN,
        "Depreciation And Amortization In Income Statement": NaN,
        "Research And Development": NaN,
        "Selling General And Administration": NaN,
        "Selling And Marketing Expense": NaN,
        "General And Administrative Expense": NaN,
        "Other Gand A": NaN,
        "Gross Profit": NaN,
        "Cost Of Revenue": NaN,
        "Total Revenue": NaN,
        "Operating Revenue": NaN
    },
    "2023-09-30": {
        "Tax Effect Of Unusual Items": 0.0,
        "Tax Rate For Calcs": 0.14,
        "Normalized EBITDA": 14600000.0,
        "Net Income From Continuing Operation Net Minority Interest": 13800000.0,
        "Reconciled Depreciation": 1900000.0,
        "Reconciled Cost Of Revenue": 329000000.0,
        "EBITDA": 14600000.0,
        "EBIT": 12700000.0,
        "Net Interest Income": 3500000.0,
        "Interest Income": NaN,
        "Normalized Income": 13800000.0,
        "Net Income From Continuing And Discontinued Operation": 13800000.0,
        "Total Expenses": 413500000.0,
        "Total Operating Income As Reported": 12700000.0,
        "Diluted Average Shares": 199900000.0,
        "Basic Average Shares": 196700000.0,
        "Diluted EPS": 0.07,
        "Basic EPS": 0.07,
        "Diluted NI Availto Com Stockholders": 13800000.0,
        "Net Income Common Stockholders": 13800000.0,
        "Net Income": 13800000.0,
        "Net Income Including Noncontrolling Interests": 13800000.0,
        "Net Income Continuous Operations": 13800000.0,
        "Tax Provision": 2300000.0,
        "Pretax Income": 16100000.0,
        "Other Income Expense": -100000.0,
        "Other Non Operating Income Expenses": -100000.0,
        "Net Non Operating Interest Income Expense": 3500000.0,
        "Total Other Finance Cost": -3500000.0,
        "Interest Income Non Operating": NaN,
        "Operating Income": 12700000.0,
        "Operating Expense": 83800000.0,
        "Depreciation Amortization Depletion Income Statement": 1200000.0,
        "Depreciation And Amortization In Income Statement": 1200000.0,
        "Research And Development": 9800000.0,
        "Selling General And Administration": 72800000.0,
        "Selling And Marketing Expense": 9200000.0,
        "General And Administrative Expense": 63600000.0,
        "Other Gand A": 63600000.0,
        "Gross Profit": 96500000.0,
        "Cost Of Revenue": 329700000.0,
        "Total Revenue": 426200000.0,
        "Operating Revenue": 426200000.0
    },
    "2023-12-31": {
        "Tax Effect Of Unusual Items": 0.0,
        "Tax Rate For Calcs": 0.0,
        "Normalized EBITDA": 10800000.0,
        "Net Income From Continuing Operation Net Minority Interest": 13200000.0,
        "Reconciled Depreciation": 1800000.0,
        "Reconciled Cost Of Revenue": 404000000.0,
        "EBITDA": 10800000.0,
        "EBIT": 9000000.0,
        "Net Interest Income": 4000000.0,
        "Interest Income": NaN,
        "Normalized Income": 13200000.0,
        "Net Income From Continuing And Discontinued Operation": 13200000.0,
        "Total Expenses": 493700000.0,
        "Total Operating Income As Reported": 9000000.0,
        "Diluted Average Shares": 200500000.0,
        "Basic Average Shares": 197400000.0,
        "Diluted EPS": 0.07,
        "Basic EPS": 0.07,
        "Diluted NI Availto Com Stockholders": 13200000.0,
        "Net Income Common Stockholders": 13200000.0,
        "Net Income": 13200000.0,
        "Net Income Including Noncontrolling Interests": 13200000.0,
        "Net Income Continuous Operations": 13200000.0,
        "Tax Provision": 0.0,
        "Pretax Income": 13200000.0,
        "Other Income Expense": 200000.0,
        "Other Non Operating Income Expenses": 200000.0,
        "Net Non Operating Interest Income Expense": 4000000.0,
        "Total Other Finance Cost": -4000000.0,
        "Interest Income Non Operating": NaN,
        "Operating Income": 9000000.0,
        "Operating Expense": 89200000.0,
        "Depreciation Amortization Depletion Income Statement": 1300000.0,
        "Depreciation And Amortization In Income Statement": 1300000.0,
        "Research And Development": 9600000.0,
        "Selling General And Administration": 78300000.0,
        "Selling And Marketing Expense": 9900000.0,
        "General And Administrative Expense": 68400000.0,
        "Other Gand A": 68400000.0,
        "Gross Profit": 98200000.0,
        "Cost Of Revenue": 404500000.0,
        "Total Revenue": 502700000.0,
        "Operating Revenue": 502700000.0
    },
    "2024-03-31": {
        "Tax Effect Of Unusual Items": 0.0,
        "Tax Rate For Calcs": 0.2,
        "Normalized EBITDA": -16900000.0,
        "Net Income From Continuing Operation Net Minority Interest": -12100000.0,
        "Reconciled Depreciation": 2900000.0,
        "Reconciled Cost Of Revenue": 271100000.0,
        "EBITDA": -16900000.0,
        "EBIT": -19800000.0,
        "Net Interest Income": 3900000.0,
        "Interest Income": 3900000.0,
        "Normalized Income": -12100000.0,
        "Net Income From Continuing And Discontinued Operation": -12100000.0,
        "Total Expenses": 373700000.0,
        "Total Operating Income As Reported": -19800000.0,
        "Diluted Average Shares": 197900000.0,
        "Basic Average Shares": 197900000.0,
        "Diluted EPS": -0.06,
        "Basic EPS": -0.06,
        "Diluted NI Availto Com Stockholders": -12100000.0,
        "Net Income Common Stockholders": -12100000.0,
        "Net Income": -12100000.0,
        "Net Income Including Noncontrolling Interests": -12100000.0,
        "Net Income Continuous Operations": -12100000.0,
        "Tax Provision": -3100000.0,
        "Pretax Income": -15200000.0,
        "Other Income Expense": 700000.0,
        "Other Non Operating Income Expenses": 700000.0,
        "Net Non Operating Interest Income Expense": 3900000.0,
        "Total Other Finance Cost": NaN,
        "Interest Income Non Operating": 3900000.0,
        "Operating Income": -19800000.0,
        "Operating Expense": 100900000.0,
        "Depreciation Amortization Depletion Income Statement": 1200000.0,
        "Depreciation And Amortization In Income Statement": 1200000.0,
        "Research And Development": 15100000.0,
        "Selling General And Administration": 84600000.0,
        "Selling And Marketing Expense": 8500000.0,
        "General And Administrative Expense": 76100000.0,
        "Other Gand A": 76100000.0,
        "Gross Profit": 81100000.0,
        "Cost Of Revenue": 272800000.0,
        "Total Revenue": 353900000.0,
        "Operating Revenue": 353900000.0
    },
    "2024-06-30": {
        "Tax Effect Of Unusual Items": 0.0,
        "Tax Rate For Calcs": 0.21,
        "Normalized EBITDA": -4200000.0,
        "Net Income From Continuing Operation Net Minority Interest": 200000.0,
        "Reconciled Depreciation": 2800000.0,
        "Reconciled Cost Of Revenue": 336200000.0,
        "EBITDA": -4200000.0,
        "EBIT": -7000000.0,
        "Net Interest Income": 3200000.0,
        "Interest Income": 3200000.0,
        "Normalized Income": 200000.0,
        "Net Income From Continuing And Discontinued Operation": 200000.0,
        "Total Expenses": 444300000.0,
        "Total Operating Income As Reported": -7000000.0,
        "Diluted Average Shares": 210000000.0,
        "Basic Average Shares": 199300000.0,
        "Diluted EPS": 0.000952,
        "Basic EPS": 0.001004,
        "Diluted NI Availto Com Stockholders": 200000.0,
        "Net Income Common Stockholders": 200000.0,
        "Net Income": 200000.0,
        "Net Income Including Noncontrolling Interests": 200000.0,
        "Net Income Continuous Operations": 200000.0,
        "Tax Provision": -1400000.0,
        "Pretax Income": -1200000.0,
        "Other Income Expense": 2600000.0,
        "Other Non Operating Income Expenses": 2600000.0,
        "Net Non Operating Interest Income Expense": 3200000.0,
        "Total Other Finance Cost": NaN,
        "Interest Income Non Operating": 3200000.0,
        "Operating Income": -7000000.0,
        "Operating Expense": 106500000.0,
        "Depreciation Amortization Depletion Income Statement": 1200000.0,
        "Depreciation And Amortization In Income Statement": 1200000.0,
        "Research And Development": 15700000.0,
        "Selling General And Administration": 89600000.0,
        "Selling And Marketing Expense": 9800000.0,
        "General And Administrative Expense": 79800000.0,
        "Other Gand A": 79800000.0,
        "Gross Profit": 99500000.0,
        "Cost Of Revenue": 337800000.0,
        "Total Revenue": 437300000.0,
        "Operating Revenue": 437300000.0
    },
    "2024-09-30": {
        "Tax Effect Of Unusual Items": 0.0,
        "Tax Rate For Calcs": 0.21,
        "Normalized EBITDA": -2900000.0,
        "Net Income From Continuing Operation Net Minority Interest": 500000.0,
        "Reconciled Depreciation": 2700000.0,
        "Reconciled Cost Of Revenue": 334100000.0,
        "EBITDA": -2900000.0,
        "EBIT": -5600000.0,
        "Net Interest Income": 4000000.0,
        "Interest Income": NaN,
        "Normalized Income": 500000.0,
        "Net Income From Continuing And Discontinued Operation": 500000.0,
        "Total Expenses": 450300000.0,
        "Total Operating Income As Reported": -5600000.0,
        "Diluted Average Shares": 211700000.0,
        "Basic Average Shares": 201600000.0,
        "Diluted EPS": 0.002362,
        "Basic EPS": 0.00248,
        "Diluted NI Availto Com Stockholders": 500000.0,
        "Net Income Common Stockholders": 500000.0,
        "Net Income": 500000.0,
        "Net Income Including Noncontrolling Interests": 500000.0,
        "Net Income Continuous Operations": 500000.0,
        "Tax Provision": -1000000.0,
        "Pretax Income": -500000.0,
        "Other Income Expense": 1100000.0,
        "Other Non Operating Income Expenses": 1100000.0,
        "Net Non Operating Interest Income Expense": 4000000.0,
        "Total Other Finance Cost": -4000000.0,
        "Interest Income Non Operating": NaN,
        "Operating Income": -5600000.0,
        "Operating Expense": 114700000.0,
        "Depreciation Amortization Depletion Income Statement": 1200000.0,
        "Depreciation And Amortization In Income Statement": 1200000.0,
        "Research And Development": 16800000.0,
        "Selling General And Administration": 96700000.0,
        "Selling And Marketing Expense": 11500000.0,
        "General And Administrative Expense": 85200000.0,
        "Other Gand A": 85200000.0,
        "Gross Profit": 109100000.0,
        "Cost Of Revenue": 335600000.0,
        "Total Revenue": 444700000.0,
        "Operating Revenue": 444700000.0
    }
}