{
    "2023-06-30": {
        "Tax Effect Of Unusual Items": 0.0,
        "Tax Rate For Calcs": 0.264783,
        "Net Income From Continuing Operation Net Minority Interest": 40248000.0,
        "Reconciled Depreciation": 2708000.0,
        "Net Interest Income": 69882000.0,
        "Interest Expense": 607000.0,
        "Interest Income": 70489000.0,
        "Normalized Income": 40248000.0,
        "Net Income From Continuing And Discontinued Operation": 40248000.0,
        "Diluted Average Shares": 26648000.0,
        "Basic Average Shares": 26648000.0,
        "Diluted EPS": 1.51,
        "Basic EPS": 1.51,
        "Diluted NI Availto Com Stockholders": 40248000.0,
        "Net Income Common Stockholders": 40248000.0,
        "Net Income": 40248000.0,
        "Net Income Including Noncontrolling Interests": 40248000.0,
        "Net Income Continuous Operations": 40248000.0,
        "Tax Provision": 14495000.0,
        "Pretax Income": 54743000.0,
        "Gain On Sale Of Security": -125000.0,
        "Selling General And Administration": 11828000.0,
        "General And Administrative Expense": 11828000.0,
        "Other Gand A": NaN,
        "Salaries And Wages": 11828000.0,
        "Total Revenue": 80582000.0,
        "Operating Revenue": 80582000.0
    },
    "2023-03-31": {
        "Tax Effect Of Unusual Items": 0.0,
        "Tax Rate For Calcs": 0.265088,
        "Net Income From Continuing Operation Net Minority Interest": 40451000.0,
        "Reconciled Depreciation": 3044000.0,
        "Net Interest Income": 69153000.0,
        "Interest Expense": 471000.0,
        "Interest Income": 69624000.0,
        "Normalized Income": 40451000.0,
        "Net Income From Continuing And Discontinued Operation": 40451000.0,
        "Diluted Average Shares": 26866000.0,
        "Basic Average Shares": 26859000.0,
        "Diluted EPS": 1.51,
        "Basic EPS": 1.51,
        "Diluted NI Availto Com Stockholders": 40451000.0,
        "Net Income Common Stockholders": 40451000.0,
        "Net Income": 40451000.0,
        "Net Income Including Noncontrolling Interests": 40451000.0,
        "Net Income Continuous Operations": 40451000.0,
        "Tax Provision": 14591000.0,
        "Pretax Income": 55042000.0,
        "Gain On Sale Of Security": NaN,
        "Selling General And Administration": 12067000.0,
        "General And Administrative Expense": 12067000.0,
        "Other Gand A": NaN,
        "Salaries And Wages": 12067000.0,
        "Total Revenue": 79702000.0,
        "Operating Revenue": 79702000.0
    },
    "2022-12-31": {
        "Tax Effect Of Unusual Items": 0.0,
        "Tax Rate For Calcs": 0.2727,
        "Net Income From Continuing Operation Net Minority Interest": 39344000.0,
        "Reconciled Depreciation": 2829000.0,
        "Net Interest Income": 68723000.0,
        "Interest Expense": 475000.0,
        "Interest Income": 69198000.0,
        "Normalized Income": 39344000.0,
        "Net Income From Continuing And Discontinued Operation": 39344000.0,
        "Diluted Average Shares": 26924000.0,
        "Basic Average Shares": 26912000.0,
        "Diluted EPS": 1.46,
        "Basic EPS": 1.46,
        "Diluted NI Availto Com Stockholders": 39344000.0,
        "Net Income Common Stockholders": 39344000.0,
        "Net Income": 39344000.0,
        "Net Income Including Noncontrolling Interests": 39344000.0,
        "Net Income Continuous Operations": 39344000.0,
        "Tax Provision": 14752000.0,
        "Pretax Income": 54096000.0,
        "Gain On Sale Of Security": 0.0,
        "Selling General And Administration": 11482000.0,
        "General And Administrative Expense": 11482000.0,
        "Other Gand A": NaN,
        "Salaries And Wages": 11482000.0,
        "Total Revenue": 79186000.0,
        "Operating Revenue": 79186000.0
    },
    "2022-09-30": {
        "Tax Effect Of Unusual Items": 0.0,
        "Tax Rate For Calcs": 0.26614,
        "Net Income From Continuing Operation Net Minority Interest": 34760000.0,
        "Reconciled Depreciation": 3228000.0,
        "Net Interest Income": 60315000.0,
        "Interest Expense": 487000.0,
        "Interest Income": 60802000.0,
        "Normalized Income": 34760000.0,
        "Net Income From Continuing And Discontinued Operation": 34760000.0,
        "Diluted Average Shares": 26916000.0,
        "Basic Average Shares": 26906000.0,
        "Diluted EPS": 1.29,
        "Basic EPS": 1.29,
        "Diluted NI Availto Com Stockholders": 34760000.0,
        "Net Income Common Stockholders": 34760000.0,
        "Net Income": 34760000.0,
        "Net Income Including Noncontrolling Interests": 34760000.0,
        "Net Income Continuous Operations": 34760000.0,
        "Tax Provision": 12606000.0,
        "Pretax Income": 47366000.0,
        "Gain On Sale Of Security": 0.0,
        "Selling General And Administration": 13745000.0,
        "General And Administrative Expense": 13745000.0,
        "Other Gand A": 2434000.0,
        "Salaries And Wages": 11311000.0,
        "Total Revenue": 72133000.0,
        "Operating Revenue": 72133000.0
    },
    "2022-06-30": {
        "Tax Effect Of Unusual Items": 0.0,
        "Tax Rate For Calcs": 0.27,
        "Net Income From Continuing Operation Net Minority Interest": 25314000.0,
        "Reconciled Depreciation": 64000.0,
        "Net Interest Income": 47514000.0,
        "Interest Expense": 483000.0,
        "Interest Income": 47997000.0,
        "Normalized Income": 25314000.0,
        "Net Income From Continuing And Discontinued Operation": 25314000.0,
        "Diluted Average Shares": 26901000.0,
        "Basic Average Shares": 26889000.0,
        "Diluted EPS": 0.94,
        "Basic EPS": 0.94,
        "Diluted NI Availto Com Stockholders": 25314000.0,
        "Net Income Common Stockholders": 25314000.0,
        "Net Income": 25314000.0,
        "Net Income Including Noncontrolling Interests": 25314000.0,
        "Net Income Continuous Operations": 25314000.0,
        "Tax Provision": 8835000.0,
        "Pretax Income": 34149000.0,
        "Gain On Sale Of Security": 0.0,
        "Depreciation Amortization Depletion Income Statement": 64000.0,
        "Depreciation And Amortization In Income Statement": 64000.0,
        "Amortization": 64000.0,
        "Amortization Of Intangibles Income Statement": 64000.0,
        "Selling General And Administration": 13835000.0,
        "General And Administrative Expense": 13835000.0,
        "Other Gand A": 2423000.0,
        "Salaries And Wages": 11412000.0,
        "Total Revenue": 58778000.0,
        "Operating Revenue": 58778000.0
    },
    "2022-03-31": {
        "Diluted EPS": 0.84,
        "Total Revenue": 55,
        "Gross Profit": 55,
        "Operating Income": 30,
        "EBIT": NaN,
        "Net Income": 23
    },
    "2021-12-31": {
        "Diluted EPS": 0.81,
        "Total Revenue": 54,
        "Gross Profit": 53,
        "Operating Income": 29,
        "EBIT": NaN,
        "Net Income": 22
    },
    "2021-09-30": {
        "Diluted EPS": 0.82,
        "Total Revenue": 55,
        "Gross Profit": 55,
        "Operating Income": 30,
        "EBIT": NaN,
        "Net Income": 22
    },
    "2021-06-30": {
        "Diluted EPS": 0.84,
        "Total Revenue": 55,
        "Gross Profit": 55,
        "Operating Income": 31,
        "EBIT": NaN,
        "Net Income": 23
    },
    "2021-03-31": {
        "Diluted EPS": 0.75,
        "Total Revenue": 53,
        "Gross Profit": 52,
        "Operating Income": 27,
        "EBIT": NaN,
        "Net Income": 20
    },
    "2020-12-31": {
        "Diluted EPS": 0.89,
        "Total Revenue": 57,
        "Gross Profit": 56,
        "Operating Income": 32,
        "EBIT": NaN,
        "Net Income": 24
    },
    "2020-09-30": {
        "Diluted EPS": 0.74,
        "Total Revenue": 52,
        "Gross Profit": 51,
        "Operating Income": 27,
        "EBIT": NaN,
        "Net Income": 20
    },
    "2020-06-30": {
        "Diluted EPS": 0.72,
        "Total Revenue": 51,
        "Gross Profit": 51,
        "Operating Income": 26,
        "EBIT": NaN,
        "Net Income": 20
    },
    "2020-03-31": {
        "Diluted EPS": 0.63,
        "Total Revenue": 52,
        "Gross Profit": 51,
        "Operating Income": 22,
        "EBIT": NaN,
        "Net Income": 17
    },
    "2019-12-31": {
        "Diluted EPS": 0.77,
        "Total Revenue": 52,
        "Gross Profit": 51,
        "Operating Income": 27,
        "EBIT": NaN,
        "Net Income": 21
    },
    "2019-09-30": {
        "Diluted EPS": 0.75,
        "Total Revenue": 52,
        "Gross Profit": 51,
        "Operating Income": 27,
        "EBIT": NaN,
        "Net Income": 20
    },
    "2019-06-30": {
        "Diluted EPS": 0.73,
        "Total Revenue": 52,
        "Gross Profit": 51,
        "Operating Income": 26,
        "EBIT": NaN,
        "Net Income": 20
    },
    "2019-03-31": {
        "Diluted EPS": 0.73,
        "Total Revenue": 51,
        "Gross Profit": 51,
        "Operating Income": 25,
        "EBIT": NaN,
        "Net Income": 20
    },
    "2018-12-31": {
        "Diluted EPS": 0.71,
        "Total Revenue": 51,
        "Gross Profit": 51,
        "Operating Income": 25,
        "EBIT": NaN,
        "Net Income": 19
    },
    "2018-09-30": {
        "Diluted EPS": 0.63,
        "Total Revenue": 51,
        "Gross Profit": 51,
        "Operating Income": 21,
        "EBIT": NaN,
        "Net Income": 17
    },
    "2018-06-30": {
        "Diluted EPS": 0.67,
        "Total Revenue": 49,
        "Gross Profit": 49,
        "Operating Income": 23,
        "EBIT": NaN,
        "Net Income": 18
    },
    "2018-03-31": {
        "Diluted EPS": 0.66,
        "Total Revenue": 48,
        "Gross Profit": 48,
        "Operating Income": 22,
        "EBIT": NaN,
        "Net Income": 18
    },
    "2017-12-31": {
        "Diluted EPS": 0.15,
        "Total Revenue": 59,
        "Gross Profit": 59,
        "Operating Income": 24,
        "EBIT": NaN,
        "Net Income": 4
    },
    "2017-09-30": {
        "Diluted EPS": 0.57,
        "Total Revenue": 46,
        "Gross Profit": 45,
        "Operating Income": 21,
        "EBIT": NaN,
        "Net Income": 15
    },
    "2017-06-30": {
        "Diluted EPS": 0.6,
        "Total Revenue": 45,
        "Gross Profit": 45,
        "Operating Income": 22,
        "EBIT": NaN,
        "Net Income": 16
    },
    "2017-03-31": {
        "Diluted EPS": 0.57,
        "Total Revenue": 45,
        "Gross Profit": 45,
        "Operating Income": 20,
        "EBIT": NaN,
        "Net Income": 15
    },
    "2016-12-31": {
        "Diluted EPS": 0.55,
        "Total Revenue": 47,
        "Gross Profit": 46,
        "Operating Income": 20,
        "EBIT": NaN,
        "Net Income": 14
    },
    "2016-09-30": {
        "Diluted EPS": 0.61,
        "Total Revenue": 45,
        "Gross Profit": 45,
        "Operating Income": 22,
        "EBIT": NaN,
        "Net Income": 16
    },
    "2016-06-30": {
        "Diluted EPS": 0.57,
        "Total Revenue": 45,
        "Gross Profit": 45,
        "Operating Income": 20,
        "EBIT": NaN,
        "Net Income": 15
    },
    "2016-03-31": {
        "Diluted EPS": 0.56,
        "Total Revenue": 45,
        "Gross Profit": 45,
        "Operating Income": 19,
        "EBIT": NaN,
        "Net Income": 14
    },
    "2015-12-31": {
        "Diluted EPS": 0.57,
        "Total Revenue": 45,
        "Gross Profit": 45,
        "Operating Income": 19,
        "EBIT": NaN,
        "Net Income": 15
    },
    "2015-09-30": {
        "Diluted EPS": 0.58,
        "Total Revenue": 46,
        "Gross Profit": 46,
        "Operating Income": 20,
        "EBIT": NaN,
        "Net Income": 15
    },
    "2015-06-30": {
        "Diluted EPS": 0.58,
        "Total Revenue": 47,
        "Gross Profit": 46,
        "Operating Income": 19,
        "EBIT": NaN,
        "Net Income": 15
    },
    "2015-03-31": {
        "Diluted EPS": 0.57,
        "Total Revenue": 46,
        "Gross Profit": 46,
        "Operating Income": 19,
        "EBIT": NaN,
        "Net Income": 15
    },
    "2014-12-31": {
        "Diluted EPS": 0.58,
        "Total Revenue": 47,
        "Gross Profit": 46,
        "Operating Income": 20,
        "EBIT": NaN,
        "Net Income": 15
    },
    "2014-09-30": {
        "Diluted EPS": 0.58,
        "Total Revenue": 48,
        "Gross Profit": 47,
        "Operating Income": 20,
        "EBIT": NaN,
        "Net Income": 15
    },
    "2014-06-30": {
        "Diluted EPS": 0.58,
        "Total Revenue": 49,
        "Gross Profit": 48,
        "Operating Income": 20,
        "EBIT": NaN,
        "Net Income": 15
    },
    "2014-03-31": {
        "Diluted EPS": 0.58,
        "Total Revenue": 49,
        "Gross Profit": 48,
        "Operating Income": 20,
        "EBIT": NaN,
        "Net Income": 15
    },
    "2013-12-31": {
        "Diluted EPS": 0.59,
        "Total Revenue": 51,
        "Gross Profit": 50,
        "Operating Income": 20,
        "EBIT": NaN,
        "Net Income": 16
    },
    "2013-09-30": {
        "Diluted EPS": 0.63,
        "Total Revenue": 52,
        "Gross Profit": 51,
        "Operating Income": 22,
        "EBIT": NaN,
        "Net Income": 17
    },
    "2013-06-30": {
        "Diluted EPS": 0.64,
        "Total Revenue": 54,
        "Gross Profit": 52,
        "Operating Income": 22,
        "EBIT": NaN,
        "Net Income": 17
    },
    "2013-03-31": {
        "Diluted EPS": 0.64,
        "Total Revenue": 55,
        "Gross Profit": 53,
        "Operating Income": 22,
        "EBIT": NaN,
        "Net Income": 17
    },
    "2012-12-31": {
        "Diluted EPS": 0.7,
        "Total Revenue": 57,
        "Gross Profit": 56,
        "Operating Income": 25,
        "EBIT": NaN,
        "Net Income": 19
    },
    "2012-09-30": {
        "Diluted EPS": 0.73,
        "Total Revenue": 60,
        "Gross Profit": 59,
        "Operating Income": 26,
        "EBIT": NaN,
        "Net Income": 20
    },
    "2012-06-30": {
        "Diluted EPS": 0.75,
        "Total Revenue": 60,
        "Gross Profit": 59,
        "Operating Income": 27,
        "EBIT": NaN,
        "Net Income": 21
    },
    "2012-03-31": {
        "Diluted EPS": 0.75,
        "Total Revenue": 63,
        "Gross Profit": 61,
        "Operating Income": 29,
        "EBIT": NaN,
        "Net Income": 21
    },
    "2011-12-31": {
        "Diluted EPS": 0.76,
        "Total Revenue": 65,
        "Gross Profit": 63,
        "Operating Income": 28,
        "EBIT": NaN,
        "Net Income": 22
    },
    "2011-09-30": {
        "Diluted EPS": 0.79,
        "Total Revenue": 67,
        "Gross Profit": 65,
        "Operating Income": 31,
        "EBIT": NaN,
        "Net Income": 22
    },
    "2011-06-30": {
        "Diluted EPS": 0.74,
        "Total Revenue": 68,
        "Gross Profit": 66,
        "Operating Income": 29,
        "EBIT": NaN,
        "Net Income": 21
    },
    "2011-03-31": {
        "Diluted EPS": 0.77,
        "Total Revenue": 67,
        "Gross Profit": 65,
        "Operating Income": 31,
        "EBIT": NaN,
        "Net Income": 22
    },
    "2010-12-31": {
        "Diluted EPS": 0.8,
        "Total Revenue": 70,
        "Gross Profit": 67,
        "Operating Income": 29,
        "EBIT": NaN,
        "Net Income": 24
    },
    "2010-09-30": {
        "Diluted EPS": 0.81,
        "Total Revenue": 70,
        "Gross Profit": 67,
        "Operating Income": 33,
        "EBIT": NaN,
        "Net Income": 24
    },
    "2010-06-30": {
        "Diluted EPS": 0.8,
        "Total Revenue": 71,
        "Gross Profit": 68,
        "Operating Income": 33,
        "EBIT": NaN,
        "Net Income": 24
    },
    "2010-03-31": {
        "Diluted EPS": 0.8,
        "Total Revenue": 71,
        "Gross Profit": 68,
        "Operating Income": 33,
        "EBIT": NaN,
        "Net Income": 24
    },
    "2009-12-31": {
        "Diluted EPS": 0.78,
        "Total Revenue": 74,
        "Gross Profit": 70,
        "Operating Income": 34,
        "EBIT": NaN,
        "Net Income": 23
    },
    "2009-09-30": {
        "Diluted EPS": 0.81,
        "Total Revenue": 77,
        "Gross Profit": 73,
        "Operating Income": 35,
        "EBIT": NaN,
        "Net Income": 24
    },
    "2009-06-30": {
        "Diluted EPS": 0.75,
        "Total Revenue": 79,
        "Gross Profit": 74,
        "Operating Income": 32,
        "EBIT": NaN,
        "Net Income": 22
    },
    "2009-03-31": {
        "Diluted EPS": 1.8,
        "Total Revenue": 123,
        "Gross Profit": 118,
        "Operating Income": 82,
        "EBIT": NaN,
        "Net Income": 52
    },
    "2023-09-30": {
        "Tax Effect Of Unusual Items": 0.0,
        "Tax Rate For Calcs": 0.269466,
        "Net Income From Continuing Operation Net Minority Interest": 41601000.0,
        "Reconciled Depreciation": NaN,
        "Net Interest Income": 71715000.0,
        "Interest Expense": 1133000.0,
        "Interest Income": 72848000.0,
        "Normalized Income": 41601000.0,
        "Net Income From Continuing And Discontinued Operation": 41601000.0,
        "Diluted Average Shares": 26650000.0,
        "Basic Average Shares": 26648000.0,
        "Diluted EPS": 1.56,
        "Basic EPS": 1.56,
        "Diluted NI Availto Com Stockholders": 41601000.0,
        "Net Income Common Stockholders": 41601000.0,
        "Net Income": 41601000.0,
        "Net Income Including Noncontrolling Interests": 41601000.0,
        "Net Income Continuous Operations": 41601000.0,
        "Tax Provision": 15345000.0,
        "Pretax Income": 56946000.0,
        "Gain On Sale Of Security": 0.0,
        "Selling General And Administration": 11820000.0,
        "General And Administrative Expense": 11820000.0,
        "Other Gand A": NaN,
        "Salaries And Wages": 11820000.0,
        "Total Revenue": 82996000.0,
        "Operating Revenue": 82996000.0
    }
}