{
    "2023-06-30": {
        "Tax Effect Of Unusual Items": 119700.0,
        "Tax Rate For Calcs": 0.171,
        "Total Unusual Items": 700000.0,
        "Total Unusual Items Excluding Goodwill": 700000.0,
        "Net Income From Continuing Operation Net Minority Interest": 215700000.0,
        "Reconciled Depreciation": 23300000.0,
        "Net Interest Income": 517000000.0,
        "Interest Expense": 450500000.0,
        "Interest Income": 967500000.0,
        "Normalized Income": 215119700.0,
        "Net Income From Continuing And Discontinued Operation": 215700000.0,
        "Diluted Average Shares": 108300000.0,
        "Basic Average Shares": 108300000.0,
        "Diluted EPS": 1.96,
        "Basic EPS": 1.962142,
        "Diluted NI Availto Com Stockholders": 212500000.0,
        "Net Income Common Stockholders": 212500000.0,
        "Preferred Stock Dividends": 3200000.0,
        "Net Income": 215700000.0,
        "Net Income Including Noncontrolling Interests": 215700000.0,
        "Net Income Continuous Operations": 215700000.0,
        "Tax Provision": 44400000.0,
        "Pretax Income": 260100000.0,
        "Special Income Charges": 700000.0,
        "Other Special Charges": NaN,
        "Gain On Sale Of Security": -200000.0,
        "Selling General And Administration": 183600000.0,
        "Selling And Marketing Expense": 5000000.0,
        "General And Administrative Expense": 178600000.0,
        "Insurance And Claims": 33000000.0,
        "Salaries And Wages": 145600000.0,
        "Total Revenue": 558700000.0,
        "Operating Revenue": 558700000.0,
        "Occupancy And Equipment": 15400000.0,
        "Professional Expense And Contract Services Expense": 26400000.0,
        "Other Non Interest Expense": 53300000.0
    },
    "2023-03-31": {
        "Tax Effect Of Unusual Items": 2921000.0,
        "Tax Rate For Calcs": 0.23,
        "Total Unusual Items": 12700000.0,
        "Total Unusual Items Excluding Goodwill": 12700000.0,
        "Net Income From Continuing Operation Net Minority Interest": 142200000.0,
        "Reconciled Depreciation": 22500000.0,
        "Net Interest Income": 568000000.0,
        "Interest Expense": 359000000.0,
        "Interest Income": 927000000.0,
        "Normalized Income": 132421000.0,
        "Net Income From Continuing And Discontinued Operation": 142200000.0,
        "Diluted Average Shares": 108300000.0,
        "Basic Average Shares": 108200000.0,
        "Diluted EPS": 1.28,
        "Basic EPS": 1.284658,
        "Diluted NI Availto Com Stockholders": 139000000.0,
        "Net Income Common Stockholders": 139000000.0,
        "Preferred Stock Dividends": 3200000.0,
        "Net Income": 142200000.0,
        "Net Income Including Noncontrolling Interests": 142200000.0,
        "Net Income Continuous Operations": 142200000.0,
        "Tax Provision": 42400000.0,
        "Pretax Income": 184600000.0,
        "Special Income Charges": 12700000.0,
        "Other Special Charges": NaN,
        "Restructuring And Mergern Acquisition": NaN,
        "Gain On Sale Of Security": -158900000.0,
        "Selling General And Administration": 169800000.0,
        "Selling And Marketing Expense": 5200000.0,
        "General And Administrative Expense": 164600000.0,
        "Insurance And Claims": 15700000.0,
        "Salaries And Wages": 148900000.0,
        "Total Revenue": 447900000.0,
        "Operating Revenue": 447900000.0,
        "Occupancy And Equipment": 16500000.0,
        "Professional Expense And Contract Services Expense": 23100000.0,
        "Other Non Interest Expense": 50500000.0
    },
    "2022-12-31": {
        "Tax Effect Of Unusual Items": NaN,
        "Tax Rate For Calcs": NaN,
        "Total Unusual Items": NaN,
        "Total Unusual Items Excluding Goodwill": NaN,
        "Net Income From Continuing Operation Net Minority Interest": NaN,
        "Reconciled Depreciation": NaN,
        "Net Interest Income": NaN,
        "Interest Expense": NaN,
        "Interest Income": NaN,
        "Normalized Income": NaN,
        "Net Income From Continuing And Discontinued Operation": NaN,
        "Diluted Average Shares": NaN,
        "Basic Average Shares": NaN,
        "Diluted EPS": NaN,
        "Basic EPS": NaN,
        "Diluted NI Availto Com Stockholders": NaN,
        "Net Income Common Stockholders": NaN,
        "Preferred Stock Dividends": NaN,
        "Net Income": NaN,
        "Net Income Including Noncontrolling Interests": NaN,
        "Net Income Continuous Operations": NaN,
        "Tax Provision": NaN,
        "Pretax Income": NaN,
        "Special Income Charges": NaN,
        "Other Special Charges": NaN,
        "Restructuring And Mergern Acquisition": 0.0,
        "Gain On Sale Of Security": NaN,
        "Selling General And Administration": NaN,
        "Selling And Marketing Expense": NaN,
        "General And Administrative Expense": NaN,
        "Insurance And Claims": NaN,
        "Salaries And Wages": NaN,
        "Total Revenue": NaN,
        "Operating Revenue": NaN,
        "Occupancy And Equipment": NaN,
        "Professional Expense And Contract Services Expense": NaN,
        "Other Non Interest Expense": NaN
    },
    "2022-09-30": {
        "Tax Effect Of Unusual Items": NaN,
        "Tax Rate For Calcs": NaN,
        "Total Unusual Items": NaN,
        "Total Unusual Items Excluding Goodwill": NaN,
        "Net Income From Continuing Operation Net Minority Interest": NaN,
        "Reconciled Depreciation": NaN,
        "Net Interest Income": NaN,
        "Interest Expense": NaN,
        "Interest Income": NaN,
        "Normalized Income": NaN,
        "Net Income From Continuing And Discontinued Operation": NaN,
        "Diluted Average Shares": NaN,
        "Basic Average Shares": NaN,
        "Diluted EPS": NaN,
        "Basic EPS": NaN,
        "Diluted NI Availto Com Stockholders": NaN,
        "Net Income Common Stockholders": NaN,
        "Preferred Stock Dividends": NaN,
        "Net Income": NaN,
        "Net Income Including Noncontrolling Interests": NaN,
        "Net Income Continuous Operations": NaN,
        "Tax Provision": NaN,
        "Pretax Income": NaN,
        "Special Income Charges": NaN,
        "Other Special Charges": NaN,
        "Restructuring And Mergern Acquisition": 0.0,
        "Gain On Sale Of Security": NaN,
        "Selling General And Administration": NaN,
        "Selling And Marketing Expense": NaN,
        "General And Administrative Expense": NaN,
        "Other Gand A": 21800000.0,
        "Insurance And Claims": NaN,
        "Salaries And Wages": NaN,
        "Total Revenue": NaN,
        "Operating Revenue": NaN
    },
    "2022-06-30": {
        "Tax Effect Of Unusual Items": 58800.0,
        "Tax Rate For Calcs": 0.196,
        "Total Unusual Items": 300000.0,
        "Total Unusual Items Excluding Goodwill": 300000.0,
        "Net Income From Continuing Operation Net Minority Interest": 260200000.0,
        "Reconciled Depreciation": 17100000.0,
        "Net Interest Income": 525000000.0,
        "Interest Expense": 54600000.0,
        "Interest Income": 579600000.0,
        "Normalized Income": 259958800.0,
        "Net Income From Continuing And Discontinued Operation": 260200000.0,
        "Diluted Average Shares": 107700000.0,
        "Basic Average Shares": 107300000.0,
        "Diluted EPS": 2.39,
        "Basic EPS": 2.4,
        "Diluted NI Availto Com Stockholders": 257000000.0,
        "Net Income Common Stockholders": 257000000.0,
        "Preferred Stock Dividends": 3200000.0,
        "Net Income": 260200000.0,
        "Net Income Including Noncontrolling Interests": 260200000.0,
        "Net Income Continuous Operations": 260200000.0,
        "Tax Provision": 63400000.0,
        "Pretax Income": 323600000.0,
        "Special Income Charges": 0.0,
        "Restructuring And Mergern Acquisition": 0.0,
        "Gain On Sale Of Security": -10200000.0,
        "Selling General And Administration": 145900000.0,
        "Selling And Marketing Expense": 5400000.0,
        "General And Administrative Expense": 145900000.0,
        "Other Gand A": 5400000.0,
        "Insurance And Claims": 6900000.0,
        "Salaries And Wages": 139000000.0,
        "Total Revenue": 573300000.0,
        "Operating Revenue": 573300000.0
    },
    "2022-03-31": {
        "Diluted EPS": 2.22,
        "Total Revenue": 591,
        "Gross Profit": 556,
        "Operating Income": 298,
        "EBIT": NaN,
        "Net Income": 237
    },
    "2021-12-31": {
        "Diluted EPS": 2.32,
        "Total Revenue": 594,
        "Gross Profit": 561,
        "Operating Income": 306,
        "EBIT": NaN,
        "Net Income": 243
    },
    "2021-09-30": {
        "Diluted EPS": 2.28,
        "Total Revenue": 581,
        "Gross Profit": 549,
        "Operating Income": 304,
        "EBIT": NaN,
        "Net Income": 237
    },
    "2021-06-30": {
        "Diluted EPS": 2.17,
        "Total Revenue": 535,
        "Gross Profit": 507,
        "Operating Income": 290,
        "EBIT": NaN,
        "Net Income": 224
    },
    "2021-03-31": {
        "Diluted EPS": 1.9,
        "Total Revenue": 354,
        "Gross Profit": 337,
        "Operating Income": 235,
        "EBIT": NaN,
        "Net Income": 193
    },
    "2020-12-31": {
        "Diluted EPS": 1.92,
        "Total Revenue": 355,
        "Gross Profit": 339,
        "Operating Income": 234,
        "EBIT": NaN,
        "Net Income": 194
    },
    "2020-09-30": {
        "Diluted EPS": 1.36,
        "Total Revenue": 325,
        "Gross Profit": 305,
        "Operating Income": 167,
        "EBIT": NaN,
        "Net Income": 136
    },
    "2020-06-30": {
        "Diluted EPS": 0.93,
        "Total Revenue": 340,
        "Gross Profit": 320,
        "Operating Income": 113,
        "EBIT": NaN,
        "Net Income": 93
    },
    "2020-03-31": {
        "Diluted EPS": 0.83,
        "Total Revenue": 312,
        "Gross Profit": 274,
        "Operating Income": 101,
        "EBIT": NaN,
        "Net Income": 84
    },
    "2019-12-31": {
        "Diluted EPS": 1.25,
        "Total Revenue": 331,
        "Gross Profit": 288,
        "Operating Income": 149,
        "EBIT": NaN,
        "Net Income": 128
    },
    "2019-09-30": {
        "Diluted EPS": 1.24,
        "Total Revenue": 335,
        "Gross Profit": 286,
        "Operating Income": 159,
        "EBIT": NaN,
        "Net Income": 127
    },
    "2019-06-30": {
        "Diluted EPS": 1.19,
        "Total Revenue": 317,
        "Gross Profit": 269,
        "Operating Income": 147,
        "EBIT": NaN,
        "Net Income": 123
    },
    "2019-03-31": {
        "Diluted EPS": 1.16,
        "Total Revenue": 307,
        "Gross Profit": 263,
        "Operating Income": 146,
        "EBIT": NaN,
        "Net Income": 121
    },
    "2018-12-31": {
        "Diluted EPS": 1.14,
        "Total Revenue": 296,
        "Gross Profit": 257,
        "Operating Income": 141,
        "EBIT": NaN,
        "Net Income": 119
    },
    "2018-09-30": {
        "Diluted EPS": 1.05,
        "Total Revenue": 270,
        "Gross Profit": 238,
        "Operating Income": 119,
        "EBIT": NaN,
        "Net Income": 111
    },
    "2018-06-30": {
        "Diluted EPS": 0.99,
        "Total Revenue": 265,
        "Gross Profit": 238,
        "Operating Income": 130,
        "EBIT": NaN,
        "Net Income": 105
    },
    "2018-03-31": {
        "Diluted EPS": 0.96,
        "Total Revenue": 246,
        "Gross Profit": 226,
        "Operating Income": 120,
        "EBIT": NaN,
        "Net Income": 101
    },
    "2017-12-31": {
        "Diluted EPS": 0.85,
        "Total Revenue": 242,
        "Gross Profit": 225,
        "Operating Income": 124,
        "EBIT": NaN,
        "Net Income": 89
    },
    "2017-09-30": {
        "Diluted EPS": 0.79,
        "Total Revenue": 228,
        "Gross Profit": 212,
        "Operating Income": 118,
        "EBIT": NaN,
        "Net Income": 83
    },
    "2017-06-30": {
        "Diluted EPS": 0.76,
        "Total Revenue": 218,
        "Gross Profit": 203,
        "Operating Income": 112,
        "EBIT": NaN,
        "Net Income": 80
    },
    "2017-03-31": {
        "Diluted EPS": 0.7,
        "Total Revenue": 203,
        "Gross Profit": 190,
        "Operating Income": 97,
        "EBIT": NaN,
        "Net Income": 73
    },
    "2016-12-31": {
        "Diluted EPS": 0.66,
        "Total Revenue": 198,
        "Gross Profit": 186,
        "Operating Income": 102,
        "EBIT": NaN,
        "Net Income": 70
    },
    "2016-09-30": {
        "Diluted EPS": 0.64,
        "Total Revenue": 195,
        "Gross Profit": 183,
        "Operating Income": 99,
        "EBIT": NaN,
        "Net Income": 67
    },
    "2016-06-30": {
        "Diluted EPS": 0.6,
        "Total Revenue": 183,
        "Gross Profit": 172,
        "Operating Income": 92,
        "EBIT": NaN,
        "Net Income": 62
    },
    "2016-03-31": {
        "Diluted EPS": 0.6,
        "Total Revenue": 167,
        "Gross Profit": 159,
        "Operating Income": 81,
        "EBIT": NaN,
        "Net Income": 61
    },
    "2015-12-31": {
        "Diluted EPS": 0.59,
        "Total Revenue": 161,
        "Gross Profit": 153,
        "Operating Income": 77,
        "EBIT": NaN,
        "Net Income": 58
    },
    "2015-09-30": {
        "Diluted EPS": 0.55,
        "Total Revenue": 155,
        "Gross Profit": 146,
        "Operating Income": 74,
        "EBIT": NaN,
        "Net Income": 56
    },
    "2015-06-30": {
        "Diluted EPS": 0.44,
        "Total Revenue": 122,
        "Gross Profit": 114,
        "Operating Income": 60,
        "EBIT": NaN,
        "Net Income": 39
    },
    "2015-03-31": {
        "Diluted EPS": 0.45,
        "Total Revenue": 117,
        "Gross Profit": 109,
        "Operating Income": 54,
        "EBIT": NaN,
        "Net Income": 40
    },
    "2014-12-31": {
        "Diluted EPS": 0.46,
        "Total Revenue": 119,
        "Gross Profit": 111,
        "Operating Income": 53,
        "EBIT": NaN,
        "Net Income": 40
    },
    "2014-09-30": {
        "Diluted EPS": 0.46,
        "Total Revenue": 112,
        "Gross Profit": 104,
        "Operating Income": 52,
        "EBIT": NaN,
        "Net Income": 41
    },
    "2014-06-30": {
        "Diluted EPS": 0.4,
        "Total Revenue": 108,
        "Gross Profit": 99,
        "Operating Income": 47,
        "EBIT": NaN,
        "Net Income": 35
    },
    "2014-03-31": {
        "Diluted EPS": 0.35,
        "Total Revenue": 103,
        "Gross Profit": 95,
        "Operating Income": 40,
        "EBIT": NaN,
        "Net Income": 31
    },
    "2013-12-31": {
        "Diluted EPS": 0.35,
        "Total Revenue": 99,
        "Gross Profit": 91,
        "Operating Income": 36,
        "EBIT": NaN,
        "Net Income": 31
    },
    "2013-09-30": {
        "Diluted EPS": 0.33,
        "Total Revenue": 97,
        "Gross Profit": 89,
        "Operating Income": 40,
        "EBIT": NaN,
        "Net Income": 28
    },
    "2013-06-30": {
        "Diluted EPS": 0.39,
        "Total Revenue": 101,
        "Gross Profit": 94,
        "Operating Income": 43,
        "EBIT": NaN,
        "Net Income": 34
    },
    "2013-03-31": {
        "Diluted EPS": 0.24,
        "Total Revenue": 88,
        "Gross Profit": 81,
        "Operating Income": 29,
        "EBIT": NaN,
        "Net Income": 21
    },
    "2012-12-31": {
        "Diluted EPS": 0.38,
        "Total Revenue": 111,
        "Gross Profit": 104,
        "Operating Income": 46,
        "EBIT": NaN,
        "Net Income": 32
    },
    "2012-09-30": {
        "Diluted EPS": 0.18,
        "Total Revenue": 86,
        "Gross Profit": 79,
        "Operating Income": 23,
        "EBIT": NaN,
        "Net Income": 15
    },
    "2012-06-30": {
        "Diluted EPS": 0.15,
        "Total Revenue": 85,
        "Gross Profit": 78,
        "Operating Income": 20,
        "EBIT": NaN,
        "Net Income": 13
    },
    "2012-03-31": {
        "Diluted EPS": 0.12,
        "Total Revenue": 83,
        "Gross Profit": 76,
        "Operating Income": 19,
        "EBIT": NaN,
        "Net Income": 10
    },
    "2011-12-31": {
        "Diluted EPS": 0.07,
        "Total Revenue": 82,
        "Gross Profit": 74,
        "Operating Income": 18,
        "EBIT": NaN,
        "Net Income": 5
    },
    "2011-09-30": {
        "Diluted EPS": 0.04,
        "Total Revenue": 87,
        "Gross Profit": 78,
        "Operating Income": 24,
        "EBIT": NaN,
        "Net Income": 4
    },
    "2011-06-30": {
        "Diluted EPS": 0.05,
        "Total Revenue": 83,
        "Gross Profit": 73,
        "Operating Income": 19,
        "EBIT": NaN,
        "Net Income": 4
    },
    "2011-03-31": {
        "Diluted EPS": 0.03,
        "Total Revenue": 79,
        "Gross Profit": 68,
        "Operating Income": 16,
        "EBIT": NaN,
        "Net Income": 3
    },
    "2010-12-31": {
        "Diluted EPS": -0.17,
        "Total Revenue": 72,
        "Gross Profit": 60,
        "Operating Income": 0,
        "EBIT": NaN,
        "Net Income": -13
    },
    "2010-09-30": {
        "Diluted EPS": -0.01,
        "Total Revenue": 83,
        "Gross Profit": 72,
        "Operating Income": 7,
        "EBIT": NaN,
        "Net Income": 0
    },
    "2010-06-30": {
        "Diluted EPS": -0.02,
        "Total Revenue": 91,
        "Gross Profit": 78,
        "Operating Income": 14,
        "EBIT": NaN,
        "Net Income": -1
    },
    "2010-03-31": {
        "Diluted EPS": -0.03,
        "Total Revenue": 83,
        "Gross Profit": 69,
        "Operating Income": -1,
        "EBIT": NaN,
        "Net Income": -2
    },
    "2009-12-31": {
        "Diluted EPS": 0.27,
        "Total Revenue": 72,
        "Gross Profit": 56,
        "Operating Income": -31,
        "EBIT": NaN,
        "Net Income": -29
    },
    "2009-09-30": {
        "Diluted EPS": -0.37,
        "Total Revenue": 80,
        "Gross Profit": 62,
        "Operating Income": -32,
        "EBIT": NaN,
        "Net Income": -26
    },
    "2009-06-30": {
        "Diluted EPS": -0.31,
        "Total Revenue": 86,
        "Gross Profit": 66,
        "Operating Income": -18,
        "EBIT": NaN,
        "Net Income": -17
    },
    "2009-03-31": {
        "Diluted EPS": -2.33,
        "Total Revenue": 42,
        "Gross Profit": 23,
        "Operating Income": -83,
        "EBIT": NaN,
        "Net Income": -89
    },
    "2023-09-30": {
        "Tax Effect Of Unusual Items": 0.0,
        "Tax Rate For Calcs": 0.221,
        "Total Unusual Items": 0.0,
        "Total Unusual Items Excluding Goodwill": 0.0,
        "Net Income From Continuing Operation Net Minority Interest": 216600000.0,
        "Reconciled Depreciation": 15700000.0,
        "Net Interest Income": 542200000.0,
        "Interest Expense": 439600000.0,
        "Interest Income": 981800000.0,
        "Normalized Income": 216600000.0,
        "Net Income From Continuing And Discontinued Operation": 216600000.0,
        "Diluted Average Shares": 108500000.0,
        "Basic Average Shares": 108300000.0,
        "Diluted EPS": 1.97,
        "Basic EPS": 1.970452,
        "Diluted NI Availto Com Stockholders": 213400000.0,
        "Net Income Common Stockholders": 213400000.0,
        "Preferred Stock Dividends": 3200000.0,
        "Net Income": 216600000.0,
        "Net Income Including Noncontrolling Interests": 216600000.0,
        "Net Income Continuous Operations": 216600000.0,
        "Tax Provision": 61300000.0,
        "Pretax Income": 277900000.0,
        "Special Income Charges": 0.0,
        "Other Special Charges": NaN,
        "Gain On Sale Of Security": 18400000.0,
        "Selling General And Administration": 175200000.0,
        "Selling And Marketing Expense": 4900000.0,
        "General And Administrative Expense": 170300000.0,
        "Insurance And Claims": 33100000.0,
        "Salaries And Wages": 137200000.0,
        "Total Revenue": 580500000.0,
        "Operating Revenue": 580500000.0,
        "Occupancy And Equipment": 16800000.0,
        "Professional Expense And Contract Services Expense": 28300000.0,
        "Other Non Interest Expense": 66200000.0
    },
    "2023-12-31": {
        "Tax Effect Of Unusual Items": 11752748.815166,
        "Tax Rate For Calcs": 0.299052,
        "Total Unusual Items": 39300000.0,
        "Total Unusual Items Excluding Goodwill": 39300000.0,
        "Net Income From Continuing Operation Net Minority Interest": 147900000.0,
        "Reconciled Depreciation": 25000000.0,
        "Net Interest Income": 546000000.0,
        "Interest Expense": 447300000.0,
        "Interest Income": 993300000.0,
        "Normalized Income": 120352748.815166,
        "Net Income From Continuing And Discontinued Operation": 147900000.0,
        "Diluted Average Shares": 108700000.0,
        "Basic Average Shares": 108400000.0,
        "Diluted EPS": 1.33,
        "Basic EPS": 1.334871,
        "Diluted NI Availto Com Stockholders": 144700000.0,
        "Net Income Common Stockholders": 144700000.0,
        "Preferred Stock Dividends": 3200000.0,
        "Net Income": 147900000.0,
        "Net Income Including Noncontrolling Interests": 147900000.0,
        "Net Income Continuous Operations": 147900000.0,
        "Tax Provision": 63100000.0,
        "Pretax Income": 211000000.0,
        "Special Income Charges": 39300000.0,
        "Other Special Charges": NaN,
        "Gain On Sale Of Security": -400000.0,
        "Selling General And Administration": 249900000.0,
        "Selling And Marketing Expense": 6700000.0,
        "General And Administrative Expense": 243200000.0,
        "Insurance And Claims": 108600000.0,
        "Salaries And Wages": 134600000.0,
        "Total Revenue": 539200000.0,
        "Operating Revenue": 539200000.0,
        "Occupancy And Equipment": 16900000.0,
        "Professional Expense And Contract Services Expense": 29400000.0,
        "Other Non Interest Expense": 59300000.0
    },
    "2024-03-31": {
        "Tax Effect Of Unusual Items": 4136000.0,
        "Tax Rate For Calcs": 0.235,
        "Total Unusual Items": 17600000.0,
        "Total Unusual Items Excluding Goodwill": 17600000.0,
        "Net Income From Continuing Operation Net Minority Interest": 177400000.0,
        "Reconciled Depreciation": 26800000.0,
        "Net Interest Income": 558200000.0,
        "Interest Expense": 456100000.0,
        "Interest Income": 1014300000.0,
        "Normalized Income": 163936000.0,
        "Net Income From Continuing And Discontinued Operation": 177400000.0,
        "Diluted Average Shares": 109000000.0,
        "Basic Average Shares": 108500000.0,
        "Diluted EPS": 1.6,
        "Basic EPS": 1.61,
        "Diluted NI Availto Com Stockholders": 174200000.0,
        "Net Income Common Stockholders": 174200000.0,
        "Preferred Stock Dividends": 3200000.0,
        "Net Income": 177400000.0,
        "Net Income Including Noncontrolling Interests": 177400000.0,
        "Net Income Continuous Operations": 177400000.0,
        "Tax Provision": 54400000.0,
        "Pretax Income": 231800000.0,
        "Special Income Charges": 17600000.0,
        "Other Special Charges": -17600000.0,
        "Gain On Sale Of Security": 16500000.0,
        "Selling General And Administration": 219300000.0,
        "Selling And Marketing Expense": 5500000.0,
        "General And Administrative Expense": 213800000.0,
        "Insurance And Claims": 58900000.0,
        "Salaries And Wages": 154900000.0,
        "Total Revenue": 577300000.0,
        "Operating Revenue": 577300000.0,
        "Occupancy And Equipment": 17500000.0,
        "Professional Expense And Contract Services Expense": 30100000.0,
        "Other Non Interest Expense": 80500000.0
    },
    "2024-06-30": {
        "Tax Effect Of Unusual Items": 1314000.0,
        "Tax Rate For Calcs": 0.219,
        "Total Unusual Items": 6000000.0,
        "Total Unusual Items Excluding Goodwill": 6000000.0,
        "Net Income From Continuing Operation Net Minority Interest": 193600000.0,
        "Reconciled Depreciation": 27400000.0,
        "Net Interest Income": 594200000.0,
        "Interest Expense": 490900000.0,
        "Interest Income": 1085100000.0,
        "Normalized Income": 188914000.0,
        "Net Income From Continuing And Discontinued Operation": 193600000.0,
        "Diluted Average Shares": 109100000.0,
        "Basic Average Shares": 108600000.0,
        "Diluted EPS": 1.75,
        "Basic EPS": 1.75,
        "Diluted NI Availto Com Stockholders": 190400000.0,
        "Net Income Common Stockholders": 190400000.0,
        "Preferred Stock Dividends": 3200000.0,
        "Net Income": 193600000.0,
        "Net Income Including Noncontrolling Interests": 193600000.0,
        "Net Income Continuous Operations": 193600000.0,
        "Tax Provision": 54300000.0,
        "Pretax Income": 247900000.0,
        "Special Income Charges": 6000000.0,
        "Other Special Charges": -6000000.0,
        "Gain On Sale Of Security": 7200000.0,
        "Selling General And Administration": 193200000.0,
        "Selling And Marketing Expense": 6400000.0,
        "General And Administrative Expense": 186800000.0,
        "Insurance And Claims": 33800000.0,
        "Salaries And Wages": 153000000.0,
        "Total Revenue": 584000000.0,
        "Operating Revenue": 584000000.0,
        "Occupancy And Equipment": 18400000.0,
        "Professional Expense And Contract Services Expense": 25800000.0,
        "Other Non Interest Expense": 65100000.0
    }
}