{
    "2023-06-30": {
        "Tax Effect Of Unusual Items": 0.0,
        "Tax Rate For Calcs": 0.202,
        "Net Income From Continuing Operation Net Minority Interest": 11256000.0,
        "Reconciled Depreciation": 1216000.0,
        "Net Interest Income": 32642000.0,
        "Interest Expense": 41730000.0,
        "Interest Income": 74372000.0,
        "Normalized Income": 11256000.0,
        "Net Income From Continuing And Discontinued Operation": 11256000.0,
        "Diluted Average Shares": 17030000.0,
        "Basic Average Shares": 17011000.0,
        "Diluted EPS": 0.66,
        "Basic EPS": 0.66,
        "Diluted NI Availto Com Stockholders": 11237000.0,
        "Net Income Common Stockholders": 11237000.0,
        "Otherunder Preferred Stock Dividend": 19000.0,
        "Net Income": 11256000.0,
        "Net Income Including Noncontrolling Interests": 11256000.0,
        "Net Income Continuous Operations": 11256000.0,
        "Tax Provision": 2853000.0,
        "Pretax Income": 14109000.0,
        "Gain On Sale Of Security": 247000.0,
        "Depreciation Amortization Depletion Income Statement": 212000.0,
        "Depreciation And Amortization In Income Statement": 212000.0,
        "Amortization": 212000.0,
        "Amortization Of Intangibles Income Statement": 212000.0,
        "Selling General And Administration": 22386000.0,
        "Selling And Marketing Expense": 427000.0,
        "General And Administrative Expense": 21959000.0,
        "Insurance And Claims": 1371000.0,
        "Salaries And Wages": 20588000.0,
        "Total Revenue": 47825000.0,
        "Operating Revenue": 47825000.0
    },
    "2023-03-31": {
        "Tax Effect Of Unusual Items": 0.0,
        "Tax Rate For Calcs": 0.205,
        "Net Income From Continuing Operation Net Minority Interest": 12812000.0,
        "Reconciled Depreciation": 1187000.0,
        "Net Interest Income": 36596000.0,
        "Interest Expense": 31569000.0,
        "Interest Income": 68165000.0,
        "Normalized Income": 12812000.0,
        "Net Income From Continuing And Discontinued Operation": 12812000.0,
        "Diluted Average Shares": 17170000.0,
        "Basic Average Shares": 17074000.0,
        "Diluted EPS": 0.74,
        "Basic EPS": 0.75,
        "Diluted NI Availto Com Stockholders": 12783000.0,
        "Net Income Common Stockholders": 12783000.0,
        "Otherunder Preferred Stock Dividend": 29000.0,
        "Net Income": 12812000.0,
        "Net Income Including Noncontrolling Interests": 12812000.0,
        "Net Income Continuous Operations": 12812000.0,
        "Tax Provision": 3300000.0,
        "Pretax Income": 16112000.0,
        "Gain On Sale Of Security": -51000.0,
        "Depreciation Amortization Depletion Income Statement": 212000.0,
        "Depreciation And Amortization In Income Statement": 212000.0,
        "Amortization": 212000.0,
        "Amortization Of Intangibles Income Statement": 212000.0,
        "Selling General And Administration": 23064000.0,
        "Selling And Marketing Expense": 408000.0,
        "General And Administrative Expense": 22656000.0,
        "Insurance And Claims": 872000.0,
        "Salaries And Wages": 21784000.0,
        "Total Revenue": 50476000.0,
        "Operating Revenue": 50476000.0
    },
    "2022-12-31": {
        "Tax Effect Of Unusual Items": 0.0,
        "Tax Rate For Calcs": 0.209718,
        "Total Unusual Items": 0.0,
        "Total Unusual Items Excluding Goodwill": 0.0,
        "Net Income From Continuing Operation Net Minority Interest": 16573000.0,
        "Reconciled Depreciation": 1123000.0,
        "Net Interest Income": 41012000.0,
        "Interest Expense": 20419000.0,
        "Interest Income": 61431000.0,
        "Normalized Income": 16573000.0,
        "Net Income From Continuing And Discontinued Operation": 16573000.0,
        "Diluted Average Shares": 17319000.0,
        "Basic Average Shares": 17180000.0,
        "Diluted EPS": 0.95,
        "Basic EPS": 0.96,
        "Diluted NI Availto Com Stockholders": 16535000.0,
        "Net Income Common Stockholders": 16535000.0,
        "Otherunder Preferred Stock Dividend": 38000.0,
        "Net Income": 16573000.0,
        "Net Income Including Noncontrolling Interests": 16573000.0,
        "Net Income Continuous Operations": 16573000.0,
        "Tax Provision": 4398000.0,
        "Pretax Income": 20971000.0,
        "Special Income Charges": 0.0,
        "Gain On Sale Of Security": 745000.0,
        "Depreciation Amortization Depletion Income Statement": 212000.0,
        "Depreciation And Amortization In Income Statement": 212000.0,
        "Amortization": 212000.0,
        "Amortization Of Intangibles Income Statement": 212000.0,
        "Selling General And Administration": 22014000.0,
        "Selling And Marketing Expense": 713000.0,
        "General And Administrative Expense": 21301000.0,
        "Insurance And Claims": 489000.0,
        "Salaries And Wages": 20812000.0,
        "Total Revenue": 55130000.0,
        "Operating Revenue": 55130000.0
    },
    "2022-09-30": {
        "Tax Effect Of Unusual Items": 0.0,
        "Tax Rate For Calcs": 0.221,
        "Total Unusual Items": 0.0,
        "Total Unusual Items Excluding Goodwill": 0.0,
        "Net Income From Continuing Operation Net Minority Interest": 18668000.0,
        "Reconciled Depreciation": 215000.0,
        "Net Interest Income": 41954000.0,
        "Interest Expense": 10096000.0,
        "Interest Income": 52050000.0,
        "Normalized Income": 18668000.0,
        "Net Income From Continuing And Discontinued Operation": 18668000.0,
        "Diluted Average Shares": 17298000.0,
        "Basic Average Shares": 17174000.0,
        "Diluted EPS": 1.08,
        "Basic EPS": 1.08,
        "Diluted NI Availto Com Stockholders": 18615000.0,
        "Net Income Common Stockholders": 18615000.0,
        "Otherunder Preferred Stock Dividend": 53000.0,
        "Net Income": 18668000.0,
        "Net Income Including Noncontrolling Interests": 18668000.0,
        "Net Income Continuous Operations": 18668000.0,
        "Tax Provision": 5310000.0,
        "Pretax Income": 23978000.0,
        "Special Income Charges": 0.0,
        "Gain On Sale Of Security": 1041000.0,
        "Depreciation Amortization Depletion Income Statement": 215000.0,
        "Depreciation And Amortization In Income Statement": 215000.0,
        "Amortization": 215000.0,
        "Amortization Of Intangibles Income Statement": 215000.0,
        "Selling General And Administration": 22838000.0,
        "Selling And Marketing Expense": 799000.0,
        "General And Administrative Expense": 22039000.0,
        "Insurance And Claims": 430000.0,
        "Salaries And Wages": 21609000.0,
        "Total Revenue": 57845000.0,
        "Operating Revenue": 57845000.0
    },
    "2022-06-30": {
        "Tax Effect Of Unusual Items": 0.0,
        "Tax Rate For Calcs": 0.211,
        "Total Unusual Items": 0.0,
        "Total Unusual Items Excluding Goodwill": 0.0,
        "Net Income From Continuing Operation Net Minority Interest": 19957000.0,
        "Reconciled Depreciation": 216000.0,
        "Net Interest Income": 37452000.0,
        "Interest Expense": 4514000.0,
        "Interest Income": 41966000.0,
        "Normalized Income": 19957000.0,
        "Net Income From Continuing And Discontinued Operation": 19957000.0,
        "Diluted Average Shares": 17414000.0,
        "Basic Average Shares": 17303000.0,
        "Diluted EPS": 1.14,
        "Basic EPS": 1.15,
        "Diluted NI Availto Com Stockholders": 19900000.0,
        "Net Income Common Stockholders": 19900000.0,
        "Otherunder Preferred Stock Dividend": 57000.0,
        "Net Income": 19957000.0,
        "Net Income Including Noncontrolling Interests": 19957000.0,
        "Net Income Continuous Operations": 19957000.0,
        "Tax Provision": 5333000.0,
        "Pretax Income": 25290000.0,
        "Special Income Charges": 0.0,
        "Gain On Sale Of Security": 669000.0,
        "Depreciation Amortization Depletion Income Statement": 216000.0,
        "Depreciation And Amortization In Income Statement": 216000.0,
        "Amortization": 216000.0,
        "Amortization Of Intangibles Income Statement": 216000.0,
        "Selling General And Administration": 21507000.0,
        "Selling And Marketing Expense": 724000.0,
        "General And Administrative Expense": 20783000.0,
        "Insurance And Claims": 402000.0,
        "Salaries And Wages": 20381000.0,
        "Total Revenue": 53367000.0,
        "Operating Revenue": 53367000.0
    },
    "2022-03-31": {
        "Diluted EPS": 0.11,
        "Total Revenue": 219,
        "Gross Profit": 154,
        "Operating Income": 52,
        "EBIT": 67,
        "Net Income": 35
    },
    "2021-12-31": {
        "Diluted EPS": 0.17,
        "Total Revenue": 191,
        "Gross Profit": 129,
        "Operating Income": 47,
        "EBIT": 61,
        "Net Income": 36
    },
    "2021-09-30": {
        "Diluted EPS": 0.08,
        "Total Revenue": 194,
        "Gross Profit": 131,
        "Operating Income": 40,
        "EBIT": 53,
        "Net Income": 27
    },
    "2021-06-30": {
        "Diluted EPS": -0.42,
        "Total Revenue": 197,
        "Gross Profit": 109,
        "Operating Income": -138,
        "EBIT": -126,
        "Net Income": -110
    },
    "2021-03-31": {
        "Diluted EPS": 0.09,
        "Total Revenue": 176,
        "Gross Profit": 124,
        "Operating Income": 47,
        "EBIT": 59,
        "Net Income": 25
    },
    "2020-12-31": {
        "Diluted EPS": 0.15,
        "Total Revenue": 162,
        "Gross Profit": 110,
        "Operating Income": 70,
        "EBIT": 81,
        "Net Income": 40
    },
    "2020-09-30": {
        "Diluted EPS": 0.07,
        "Total Revenue": 156,
        "Gross Profit": 106,
        "Operating Income": 43,
        "EBIT": 55,
        "Net Income": 20
    },
    "2020-06-30": {
        "Diluted EPS": -0.03,
        "Total Revenue": 102,
        "Gross Profit": 68,
        "Operating Income": 4,
        "EBIT": 16,
        "Net Income": -9
    },
    "2020-03-31": {
        "Diluted EPS": 0.03,
        "Total Revenue": 155,
        "Gross Profit": 98,
        "Operating Income": 26,
        "EBIT": 37,
        "Net Income": 9
    },
    "2019-12-31": {
        "Diluted EPS": 0.0,
        "Total Revenue": NaN,
        "Gross Profit": NaN,
        "Operating Income": NaN,
        "EBIT": NaN,
        "Net Income": NaN
    },
    "2023-09-30": {
        "Tax Effect Of Unusual Items": 0.0,
        "Tax Rate For Calcs": 0.208,
        "Net Income From Continuing Operation Net Minority Interest": 11161000.0,
        "Reconciled Depreciation": 1238000.0,
        "Net Interest Income": 32873000.0,
        "Interest Expense": 46970000.0,
        "Interest Income": 79843000.0,
        "Normalized Income": 11161000.0,
        "Net Income From Continuing And Discontinued Operation": 11161000.0,
        "Diluted Average Shares": 17041000.0,
        "Basic Average Shares": 17019000.0,
        "Diluted EPS": 0.65,
        "Basic EPS": 0.65,
        "Diluted NI Availto Com Stockholders": 11140000.0,
        "Net Income Common Stockholders": 11140000.0,
        "Otherunder Preferred Stock Dividend": 21000.0,
        "Net Income": 11161000.0,
        "Net Income Including Noncontrolling Interests": 11161000.0,
        "Net Income Continuous Operations": 11161000.0,
        "Tax Provision": 2926000.0,
        "Pretax Income": 14087000.0,
        "Gain On Sale Of Security": 1082000.0,
        "Depreciation Amortization Depletion Income Statement": 211000.0,
        "Depreciation And Amortization In Income Statement": 211000.0,
        "Amortization": 211000.0,
        "Amortization Of Intangibles Income Statement": 211000.0,
        "Selling General And Administration": 23596000.0,
        "Selling And Marketing Expense": 789000.0,
        "General And Administrative Expense": 22807000.0,
        "Insurance And Claims": 1185000.0,
        "Salaries And Wages": 21622000.0,
        "Total Revenue": 48977000.0,
        "Operating Revenue": 48977000.0
    },
    "2023-12-31": {
        "Tax Effect Of Unusual Items": 0.0,
        "Tax Rate For Calcs": 0.21,
        "Net Income From Continuing Operation Net Minority Interest": 12947000.0,
        "Reconciled Depreciation": 1207000.0,
        "Net Interest Income": 31672000.0,
        "Interest Expense": 51292000.0,
        "Interest Income": 82964000.0,
        "Normalized Income": 12947000.0,
        "Net Income From Continuing And Discontinued Operation": 12947000.0,
        "Diluted Average Shares": 17070000.0,
        "Basic Average Shares": 17029000.0,
        "Diluted EPS": 0.76,
        "Basic EPS": 0.76,
        "Diluted NI Availto Com Stockholders": 12931000.0,
        "Net Income Common Stockholders": 12931000.0,
        "Otherunder Preferred Stock Dividend": 16000.0,
        "Net Income": 12947000.0,
        "Net Income Including Noncontrolling Interests": 12947000.0,
        "Net Income Continuous Operations": 12947000.0,
        "Tax Provision": -774000.0,
        "Pretax Income": 12173000.0,
        "Gain On Sale Of Security": 112000.0,
        "Depreciation Amortization Depletion Income Statement": 208000.0,
        "Depreciation And Amortization In Income Statement": 208000.0,
        "Amortization": 208000.0,
        "Amortization Of Intangibles Income Statement": 208000.0,
        "Selling General And Administration": 20641000.0,
        "Selling And Marketing Expense": 938000.0,
        "General And Administrative Expense": 19703000.0,
        "Insurance And Claims": 1239000.0,
        "Salaries And Wages": 18464000.0,
        "Total Revenue": 45960000.0,
        "Operating Revenue": 45960000.0
    },
    "2024-03-31": {
        "Tax Effect Of Unusual Items": 0.0,
        "Tax Rate For Calcs": 0.206,
        "Net Income From Continuing Operation Net Minority Interest": 10936000.0,
        "Reconciled Depreciation": 1209000.0,
        "Net Interest Income": 30592000.0,
        "Interest Expense": 53591000.0,
        "Interest Income": 84183000.0,
        "Normalized Income": 10936000.0,
        "Net Income From Continuing And Discontinued Operation": 10936000.0,
        "Diluted Average Shares": 17074000.0,
        "Basic Average Shares": 17033000.0,
        "Diluted EPS": 0.64,
        "Basic EPS": 0.64,
        "Diluted NI Availto Com Stockholders": 10924000.0,
        "Net Income Common Stockholders": 10924000.0,
        "Otherunder Preferred Stock Dividend": 12000.0,
        "Net Income": 10936000.0,
        "Net Income Including Noncontrolling Interests": 10936000.0,
        "Net Income Continuous Operations": 10936000.0,
        "Tax Provision": 2829000.0,
        "Pretax Income": 13765000.0,
        "Gain On Sale Of Security": 284000.0,
        "Depreciation Amortization Depletion Income Statement": 208000.0,
        "Depreciation And Amortization In Income Statement": 208000.0,
        "Amortization": 208000.0,
        "Amortization Of Intangibles Income Statement": 208000.0,
        "Selling General And Administration": 23764000.0,
        "Selling And Marketing Expense": 548000.0,
        "General And Administrative Expense": 23216000.0,
        "Insurance And Claims": 1441000.0,
        "Salaries And Wages": 21775000.0,
        "Total Revenue": 48828000.0,
        "Operating Revenue": 48828000.0
    }
}