{
    "2023-03-31": {
        "Tax Effect Of Unusual Items": 0.0,
        "Tax Rate For Calcs": 0.147,
        "Normalized EBITDA": 210771000.0,
        "Total Unusual Items": 0.0,
        "Total Unusual Items Excluding Goodwill": 0.0,
        "Net Income From Continuing Operation Net Minority Interest": 140923000.0,
        "Reconciled Depreciation": 31154000.0,
        "Reconciled Cost Of Revenue": 254705000.0,
        "EBITDA": 210771000.0,
        "EBIT": 179617000.0,
        "Net Interest Income": -10383000.0,
        "Interest Expense": 14444000.0,
        "Interest Income": 4061000.0,
        "Normalized Income": 140923000.0,
        "Net Income From Continuing And Discontinued Operation": 140923000.0,
        "Total Expenses": 510506000.0,
        "Total Operating Income As Reported": 174168000.0,
        "Diluted Average Shares": 59317000.0,
        "Basic Average Shares": 59023000.0,
        "Diluted EPS": 2.38,
        "Basic EPS": 2.39,
        "Diluted NI Availto Com Stockholders": 140923000.0,
        "Net Income Common Stockholders": 140923000.0,
        "Net Income": 140923000.0,
        "Net Income Including Noncontrolling Interests": 140923000.0,
        "Net Income Continuous Operations": 140923000.0,
        "Tax Provision": 24250000.0,
        "Pretax Income": 165173000.0,
        "Other Income Expense": 1388000.0,
        "Other Non Operating Income Expenses": 1388000.0,
        "Special Income Charges": 0.0,
        "Other Special Charges": NaN,
        "Net Non Operating Interest Income Expense": -10383000.0,
        "Interest Expense Non Operating": 14444000.0,
        "Interest Income Non Operating": 4061000.0,
        "Operating Income": 174168000.0,
        "Operating Expense": 226126000.0,
        "Depreciation Amortization Depletion Income Statement": 1479000.0,
        "Depreciation And Amortization In Income Statement": 1479000.0,
        "Amortization": 1479000.0,
        "Amortization Of Intangibles Income Statement": 1479000.0,
        "Research And Development": 42691000.0,
        "Selling General And Administration": 181956000.0,
        "Gross Profit": 400294000.0,
        "Cost Of Revenue": 284380000.0,
        "Total Revenue": 684674000.0,
        "Operating Revenue": 684674000.0
    },
    "2022-12-31": {
        "Tax Effect Of Unusual Items": 0.0,
        "Tax Rate For Calcs": 0.175807,
        "Normalized EBITDA": 320713000.0,
        "Total Unusual Items": 0.0,
        "Total Unusual Items Excluding Goodwill": 0.0,
        "Net Income From Continuing Operation Net Minority Interest": 227062000.0,
        "Reconciled Depreciation": 31318000.0,
        "Reconciled Cost Of Revenue": 318375000.0,
        "EBITDA": 320713000.0,
        "EBIT": 289395000.0,
        "Net Interest Income": -10415000.0,
        "Interest Expense": 13899000.0,
        "Interest Income": 3484000.0,
        "Normalized Income": 227062000.0,
        "Net Income From Continuing And Discontinued Operation": 227062000.0,
        "Total Expenses": 572227000.0,
        "Total Operating Income As Reported": 286283000.0,
        "Diluted Average Shares": 59644000.0,
        "Basic Average Shares": 59329000.0,
        "Diluted EPS": 3.81,
        "Basic EPS": 3.83,
        "Diluted NI Availto Com Stockholders": 227062000.0,
        "Net Income Common Stockholders": 227062000.0,
        "Net Income": 227062000.0,
        "Net Income Including Noncontrolling Interests": 227062000.0,
        "Net Income Continuous Operations": 227062000.0,
        "Tax Provision": 48434000.0,
        "Pretax Income": 275496000.0,
        "Other Income Expense": -372000.0,
        "Other Non Operating Income Expenses": -372000.0,
        "Special Income Charges": 0.0,
        "Other Special Charges": 0.0,
        "Net Non Operating Interest Income Expense": -10415000.0,
        "Interest Expense Non Operating": 13899000.0,
        "Interest Income Non Operating": 3484000.0,
        "Operating Income": 286283000.0,
        "Operating Expense": 224037000.0,
        "Depreciation Amortization Depletion Income Statement": 1503000.0,
        "Depreciation And Amortization In Income Statement": 1503000.0,
        "Amortization": 1503000.0,
        "Amortization Of Intangibles Income Statement": 1503000.0,
        "Research And Development": 48277000.0,
        "Selling General And Administration": 174257000.0,
        "Gross Profit": 510320000.0,
        "Cost Of Revenue": 348190000.0,
        "Total Revenue": 858510000.0,
        "Operating Revenue": 858510000.0
    },
    "2022-09-30": {
        "Tax Effect Of Unusual Items": 0.0,
        "Tax Rate For Calcs": 0.149323,
        "Normalized EBITDA": 225119000.0,
        "Total Unusual Items": 0.0,
        "Total Unusual Items Excluding Goodwill": 0.0,
        "Net Income From Continuing Operation Net Minority Interest": 155998000.0,
        "Reconciled Depreciation": 32214000.0,
        "Reconciled Cost Of Revenue": 276479000.0,
        "EBITDA": 225119000.0,
        "EBIT": 192905000.0,
        "Net Interest Income": -9524000.0,
        "Interest Expense": 9524000.0,
        "Interest Income": 2896000.0,
        "Normalized Income": 155998000.0,
        "Net Income From Continuing And Discontinued Operation": 155998000.0,
        "Total Expenses": 516545000.0,
        "Total Operating Income As Reported": 192010000.0,
        "Diluted Average Shares": 60081000.0,
        "Basic Average Shares": 59801000.0,
        "Diluted EPS": 2.6,
        "Basic EPS": 2.61,
        "Diluted NI Availto Com Stockholders": 155998000.0,
        "Net Income Common Stockholders": 155998000.0,
        "Net Income": 155998000.0,
        "Net Income Including Noncontrolling Interests": 155998000.0,
        "Net Income Continuous Operations": 155998000.0,
        "Tax Provision": 27383000.0,
        "Pretax Income": 183381000.0,
        "Other Income Expense": 895000.0,
        "Other Non Operating Income Expenses": 895000.0,
        "Special Income Charges": 0.0,
        "Other Special Charges": NaN,
        "Net Non Operating Interest Income Expense": -9524000.0,
        "Interest Expense Non Operating": 9524000.0,
        "Interest Income Non Operating": 2896000.0,
        "Operating Income": 192010000.0,
        "Operating Expense": 209444000.0,
        "Depreciation Amortization Depletion Income Statement": 1592000.0,
        "Depreciation And Amortization In Income Statement": 1592000.0,
        "Amortization": 1592000.0,
        "Amortization Of Intangibles Income Statement": 1592000.0,
        "Research And Development": 43435000.0,
        "Selling General And Administration": 164417000.0,
        "Gross Profit": 401454000.0,
        "Cost Of Revenue": 307101000.0,
        "Total Revenue": 708555000.0,
        "Operating Revenue": 708555000.0
    },
    "2022-06-30": {
        "Tax Effect Of Unusual Items": 0.0,
        "Tax Rate For Calcs": 0.142557,
        "Normalized EBITDA": 235394000.0,
        "Total Unusual Items": 0.0,
        "Total Unusual Items Excluding Goodwill": 0.0,
        "Net Income From Continuing Operation Net Minority Interest": 164864000.0,
        "Reconciled Depreciation": 34227000.0,
        "Reconciled Cost Of Revenue": 274577000.0,
        "EBITDA": 235394000.0,
        "EBIT": 201167000.0,
        "Net Interest Income": -8893000.0,
        "Interest Expense": 8893000.0,
        "Interest Income": 2526000.0,
        "Normalized Income": 164864000.0,
        "Net Income From Continuing And Discontinued Operation": 164864000.0,
        "Total Expenses": 514687000.0,
        "Total Operating Income As Reported": 199632000.0,
        "Diluted Average Shares": 60510000.0,
        "Basic Average Shares": 60206000.0,
        "Diluted EPS": 2.72,
        "Basic EPS": 2.74,
        "Diluted NI Availto Com Stockholders": 164864000.0,
        "Net Income Common Stockholders": 164864000.0,
        "Net Income": 164864000.0,
        "Net Income Including Noncontrolling Interests": 164864000.0,
        "Net Income Continuous Operations": 164864000.0,
        "Tax Provision": 27410000.0,
        "Pretax Income": 192274000.0,
        "Other Income Expense": 1535000.0,
        "Other Non Operating Income Expenses": 1535000.0,
        "Special Income Charges": 0.0,
        "Other Special Charges": NaN,
        "Net Non Operating Interest Income Expense": -8893000.0,
        "Interest Expense Non Operating": 8893000.0,
        "Interest Income Non Operating": 2526000.0,
        "Operating Income": 199632000.0,
        "Operating Expense": 207481000.0,
        "Depreciation Amortization Depletion Income Statement": 1598000.0,
        "Depreciation And Amortization In Income Statement": 1598000.0,
        "Amortization": 1598000.0,
        "Amortization Of Intangibles Income Statement": 1598000.0,
        "Research And Development": 44006000.0,
        "Selling General And Administration": 161877000.0,
        "Gross Profit": 407113000.0,
        "Cost Of Revenue": 307206000.0,
        "Total Revenue": 714319000.0,
        "Operating Revenue": 714319000.0
    },
    "2023-06-30": {
        "Tax Effect Of Unusual Items": 0.0,
        "Tax Rate For Calcs": 0.165,
        "Normalized EBITDA": 242431000.0,
        "Total Unusual Items": NaN,
        "Total Unusual Items Excluding Goodwill": NaN,
        "Net Income From Continuing Operation Net Minority Interest": 150554000.0,
        "Reconciled Depreciation": 38884000.0,
        "Reconciled Cost Of Revenue": 269007000.0,
        "EBITDA": 242431000.0,
        "EBIT": 203547000.0,
        "Net Interest Income": -19232000.0,
        "Interest Expense": 23272000.0,
        "Interest Income": 4040000.0,
        "Normalized Income": 150554000.0,
        "Net Income From Continuing And Discontinued Operation": 150554000.0,
        "Total Expenses": 540717000.0,
        "Total Operating Income As Reported": 199859000.0,
        "Diluted Average Shares": 59010000.0,
        "Basic Average Shares": 58857000.0,
        "Diluted EPS": 2.55,
        "Basic EPS": 2.56,
        "Diluted NI Availto Com Stockholders": 150554000.0,
        "Net Income Common Stockholders": 150554000.0,
        "Net Income": 150554000.0,
        "Net Income Including Noncontrolling Interests": 150554000.0,
        "Net Income Continuous Operations": 150554000.0,
        "Tax Provision": 29721000.0,
        "Pretax Income": 180275000.0,
        "Other Income Expense": -352000.0,
        "Other Non Operating Income Expenses": -352000.0,
        "Special Income Charges": NaN,
        "Other Special Charges": NaN,
        "Net Non Operating Interest Income Expense": -19232000.0,
        "Interest Expense Non Operating": 23272000.0,
        "Interest Income Non Operating": 4040000.0,
        "Operating Income": 199859000.0,
        "Operating Expense": 239641000.0,
        "Depreciation Amortization Depletion Income Statement": 6815000.0,
        "Depreciation And Amortization In Income Statement": 6815000.0,
        "Amortization": 6815000.0,
        "Amortization Of Intangibles Income Statement": 6815000.0,
        "Research And Development": 45873000.0,
        "Selling General And Administration": 186953000.0,
        "Gross Profit": 439500000.0,
        "Cost Of Revenue": 301076000.0,
        "Total Revenue": 740576000.0,
        "Operating Revenue": 740576000.0
    },
    "2022-03-31": {
        "Diluted EPS": 2.62,
        "Total Revenue": 691,
        "Gross Profit": 405,
        "Operating Income": 195,
        "EBIT": 228,
        "Net Income": 160
    },
    "2021-12-31": {
        "Diluted EPS": 3.51,
        "Total Revenue": 836,
        "Gross Profit": 485,
        "Operating Income": 262,
        "EBIT": 296,
        "Net Income": 216
    },
    "2021-09-30": {
        "Diluted EPS": 2.6,
        "Total Revenue": 659,
        "Gross Profit": 388,
        "Operating Income": 192,
        "EBIT": 225,
        "Net Income": 161
    },
    "2021-06-30": {
        "Diluted EPS": 2.69,
        "Total Revenue": 682,
        "Gross Profit": 401,
        "Operating Income": 196,
        "EBIT": 230,
        "Net Income": 167
    },
    "2021-03-31": {
        "Diluted EPS": 2.37,
        "Total Revenue": 609,
        "Gross Profit": 354,
        "Operating Income": 171,
        "EBIT": 203,
        "Net Income": 148
    },
    "2020-12-31": {
        "Diluted EPS": 3.49,
        "Total Revenue": 787,
        "Gross Profit": 466,
        "Operating Income": 264,
        "EBIT": 298,
        "Net Income": 218
    },
    "2020-09-30": {
        "Diluted EPS": 2.03,
        "Total Revenue": 594,
        "Gross Profit": 331,
        "Operating Income": 158,
        "EBIT": 189,
        "Net Income": 127
    },
    "2020-06-30": {
        "Diluted EPS": 1.98,
        "Total Revenue": 520,
        "Gross Profit": 307,
        "Operating Income": 155,
        "EBIT": 186,
        "Net Income": 123
    },
    "2020-03-31": {
        "Diluted EPS": 0.86,
        "Total Revenue": 465,
        "Gross Profit": 254,
        "Operating Income": 68,
        "EBIT": 97,
        "Net Income": 54
    },
    "2019-12-31": {
        "Diluted EPS": 3.03,
        "Total Revenue": 716,
        "Gross Profit": 417,
        "Operating Income": 236,
        "EBIT": 261,
        "Net Income": 201
    },
    "2019-09-30": {
        "Diluted EPS": 2.07,
        "Total Revenue": 577,
        "Gross Profit": 336,
        "Operating Income": 173,
        "EBIT": 200,
        "Net Income": 138
    },
    "2019-06-30": {
        "Diluted EPS": 2.08,
        "Total Revenue": 599,
        "Gross Profit": 350,
        "Operating Income": 178,
        "EBIT": 207,
        "Net Income": 144
    },
    "2019-03-31": {
        "Diluted EPS": 1.51,
        "Total Revenue": 514,
        "Gross Profit": 293,
        "Operating Income": 121,
        "EBIT": 146,
        "Net Income": 109
    },
    "2018-12-31": {
        "Diluted EPS": 2.44,
        "Total Revenue": 715,
        "Gross Profit": 428,
        "Operating Income": 245,
        "EBIT": 270,
        "Net Income": 185
    },
    "2018-09-30": {
        "Diluted EPS": 1.83,
        "Total Revenue": 578,
        "Gross Profit": 337,
        "Operating Income": 172,
        "EBIT": 199,
        "Net Income": 141
    },
    "2018-06-30": {
        "Diluted EPS": 1.98,
        "Total Revenue": 596,
        "Gross Profit": 353,
        "Operating Income": 179,
        "EBIT": 206,
        "Net Income": 156
    },
    "2018-03-31": {
        "Diluted EPS": 1.4,
        "Total Revenue": 531,
        "Gross Profit": 309,
        "Operating Income": 144,
        "EBIT": 173,
        "Net Income": 112
    },
    "2017-12-31": {
        "Diluted EPS": -4.38,
        "Total Revenue": 687,
        "Gross Profit": 417,
        "Operating Income": 231,
        "EBIT": 258,
        "Net Income": -353
    },
    "2017-09-30": {
        "Diluted EPS": 1.69,
        "Total Revenue": 566,
        "Gross Profit": 330,
        "Operating Income": 159,
        "EBIT": 185,
        "Net Income": 136
    },
    "2017-06-30": {
        "Diluted EPS": 1.63,
        "Total Revenue": 558,
        "Gross Profit": 329,
        "Operating Income": 154,
        "EBIT": 183,
        "Net Income": 132
    },
    "2017-03-31": {
        "Diluted EPS": 1.31,
        "Total Revenue": 498,
        "Gross Profit": 287,
        "Operating Income": 119,
        "EBIT": 142,
        "Net Income": 106
    },
    "2016-12-31": {
        "Diluted EPS": 2.16,
        "Total Revenue": 629,
        "Gross Profit": 377,
        "Operating Income": 209,
        "EBIT": 233,
        "Net Income": 174
    },
    "2016-09-30": {
        "Diluted EPS": 1.53,
        "Total Revenue": 527,
        "Gross Profit": 308,
        "Operating Income": 152,
        "EBIT": 176,
        "Net Income": 125
    },
    "2016-06-30": {
        "Diluted EPS": 1.57,
        "Total Revenue": 537,
        "Gross Profit": 316,
        "Operating Income": 152,
        "EBIT": 176,
        "Net Income": 128
    },
    "2016-03-31": {
        "Diluted EPS": 1.15,
        "Total Revenue": 475,
        "Gross Profit": 274,
        "Operating Income": 113,
        "EBIT": 136,
        "Net Income": 94
    },
    "2015-12-31": {
        "Diluted EPS": 1.83,
        "Total Revenue": 587,
        "Gross Profit": 349,
        "Operating Income": 181,
        "EBIT": 204,
        "Net Income": 151
    },
    "2015-09-30": {
        "Diluted EPS": 1.4,
        "Total Revenue": 501,
        "Gross Profit": 294,
        "Operating Income": 136,
        "EBIT": 158,
        "Net Income": 116
    },
    "2015-06-30": {
        "Diluted EPS": 1.27,
        "Total Revenue": 495,
        "Gross Profit": 286,
        "Operating Income": 130,
        "EBIT": 153,
        "Net Income": 106
    },
    "2015-03-31": {
        "Diluted EPS": 1.15,
        "Total Revenue": 460,
        "Gross Profit": 271,
        "Operating Income": 120,
        "EBIT": 143,
        "Net Income": 96
    },
    "2014-12-31": {
        "Diluted EPS": 1.78,
        "Total Revenue": 584,
        "Gross Profit": 351,
        "Operating Income": 172,
        "EBIT": 196,
        "Net Income": 151
    },
    "2014-09-30": {
        "Diluted EPS": 1.34,
        "Total Revenue": 493,
        "Gross Profit": 291,
        "Operating Income": 139,
        "EBIT": 168,
        "Net Income": 113
    },
    "2014-06-30": {
        "Diluted EPS": 1.13,
        "Total Revenue": 482,
        "Gross Profit": 280,
        "Operating Income": 118,
        "EBIT": 139,
        "Net Income": 97
    },
    "2014-03-31": {
        "Diluted EPS": 0.82,
        "Total Revenue": 431,
        "Gross Profit": 243,
        "Operating Income": 89,
        "EBIT": 109,
        "Net Income": 70
    },
    "2013-12-31": {
        "Diluted EPS": 1.64,
        "Total Revenue": 565,
        "Gross Profit": 336,
        "Operating Income": 176,
        "EBIT": 198,
        "Net Income": 142
    },
    "2013-09-30": {
        "Diluted EPS": 1.14,
        "Total Revenue": 457,
        "Gross Profit": 266,
        "Operating Income": 119,
        "EBIT": 140,
        "Net Income": 98
    },
    "2013-06-30": {
        "Diluted EPS": 1.03,
        "Total Revenue": 451,
        "Gross Profit": 263,
        "Operating Income": 113,
        "EBIT": 132,
        "Net Income": 89
    },
    "2013-03-31": {
        "Diluted EPS": 1.39,
        "Total Revenue": 430,
        "Gross Profit": 256,
        "Operating Income": 109,
        "EBIT": 128,
        "Net Income": 121
    },
    "2012-12-31": {
        "Diluted EPS": 2.0,
        "Total Revenue": 522,
        "Gross Profit": 313,
        "Operating Income": 159,
        "EBIT": 177,
        "Net Income": 176
    },
    "2012-09-30": {
        "Diluted EPS": 1.12,
        "Total Revenue": 450,
        "Gross Profit": 267,
        "Operating Income": 122,
        "EBIT": 142,
        "Net Income": 99
    },
    "2012-06-30": {
        "Diluted EPS": 1.09,
        "Total Revenue": 451,
        "Gross Profit": 272,
        "Operating Income": 120,
        "EBIT": 136,
        "Net Income": 98
    },
    "2012-03-31": {
        "Diluted EPS": 0.98,
        "Total Revenue": 420,
        "Gross Profit": 253,
        "Operating Income": 110,
        "EBIT": 125,
        "Net Income": 89
    },
    "2011-12-31": {
        "Diluted EPS": 1.51,
        "Total Revenue": 521,
        "Gross Profit": 317,
        "Operating Income": 165,
        "EBIT": 181,
        "Net Income": 137
    },
    "2011-09-30": {
        "Diluted EPS": 1.1,
        "Total Revenue": 455,
        "Gross Profit": 274,
        "Operating Income": 127,
        "EBIT": 144,
        "Net Income": 101
    },
    "2011-06-30": {
        "Diluted EPS": 1.07,
        "Total Revenue": 448,
        "Gross Profit": 272,
        "Operating Income": 121,
        "EBIT": 138,
        "Net Income": 100
    },
    "2011-03-31": {
        "Diluted EPS": 1.01,
        "Total Revenue": 428,
        "Gross Profit": 258,
        "Operating Income": 116,
        "EBIT": 132,
        "Net Income": 94
    },
    "2010-12-31": {
        "Diluted EPS": 1.35,
        "Total Revenue": 484,
        "Gross Profit": 294,
        "Operating Income": 148,
        "EBIT": 165,
        "Net Income": 127
    },
    "2010-09-30": {
        "Diluted EPS": 1.02,
        "Total Revenue": 401,
        "Gross Profit": 238,
        "Operating Income": 104,
        "EBIT": 119,
        "Net Income": 95
    },
    "2010-06-30": {
        "Diluted EPS": 0.9,
        "Total Revenue": 391,
        "Gross Profit": 236,
        "Operating Income": 106,
        "EBIT": 121,
        "Net Income": 85
    },
    "2010-03-31": {
        "Diluted EPS": 0.79,
        "Total Revenue": 368,
        "Gross Profit": 222,
        "Operating Income": 92,
        "EBIT": 107,
        "Net Income": 76
    },
    "2009-12-31": {
        "Diluted EPS": 1.08,
        "Total Revenue": 429,
        "Gross Profit": 259,
        "Operating Income": 126,
        "EBIT": 141,
        "Net Income": 104
    },
    "2009-09-30": {
        "Diluted EPS": 0.79,
        "Total Revenue": 374,
        "Gross Profit": 221,
        "Operating Income": 96,
        "EBIT": 110,
        "Net Income": 76
    },
    "2009-06-30": {
        "Diluted EPS": 0.72,
        "Total Revenue": 363,
        "Gross Profit": 219,
        "Operating Income": 87,
        "EBIT": 101,
        "Net Income": 70
    },
    "2009-03-31": {
        "Diluted EPS": 0.75,
        "Total Revenue": 333,
        "Gross Profit": 206,
        "Operating Income": 85,
        "EBIT": 100,
        "Net Income": 73
    },
    "2023-09-30": {
        "Tax Effect Of Unusual Items": 0.0,
        "Tax Rate For Calcs": 0.122,
        "Normalized EBITDA": 231444000.0,
        "Total Unusual Items": 0.0,
        "Total Unusual Items Excluding Goodwill": 0.0,
        "Net Income From Continuing Operation Net Minority Interest": 134552000.0,
        "Reconciled Depreciation": 47807000.0,
        "Reconciled Cost Of Revenue": 255716000.0,
        "EBITDA": 231444000.0,
        "EBIT": 183637000.0,
        "Net Interest Income": -26559000.0,
        "Interest Expense": 30442000.0,
        "Interest Income": 3883000.0,
        "Normalized Income": 134552000.0,
        "Net Income From Continuing And Discontinued Operation": 134552000.0,
        "Total Expenses": 532266000.0,
        "Total Operating Income As Reported": 179426000.0,
        "Diluted Average Shares": 59255000.0,
        "Basic Average Shares": 59093000.0,
        "Diluted EPS": 2.27,
        "Basic EPS": 2.28,
        "Diluted NI Availto Com Stockholders": 134552000.0,
        "Net Income Common Stockholders": 134552000.0,
        "Net Income": 134552000.0,
        "Net Income Including Noncontrolling Interests": 134552000.0,
        "Net Income Continuous Operations": 134552000.0,
        "Tax Provision": 18643000.0,
        "Pretax Income": 153195000.0,
        "Other Income Expense": 328000.0,
        "Other Non Operating Income Expenses": 328000.0,
        "Special Income Charges": 0.0,
        "Other Special Charges": NaN,
        "Net Non Operating Interest Income Expense": -26559000.0,
        "Interest Expense Non Operating": 30442000.0,
        "Interest Income Non Operating": 3883000.0,
        "Operating Income": 179426000.0,
        "Operating Expense": 240859000.0,
        "Depreciation Amortization Depletion Income Statement": 12116000.0,
        "Depreciation And Amortization In Income Statement": 12116000.0,
        "Amortization": 12116000.0,
        "Amortization Of Intangibles Income Statement": 12116000.0,
        "Research And Development": 41995000.0,
        "Selling General And Administration": 186748000.0,
        "Gross Profit": 420285000.0,
        "Cost Of Revenue": 291407000.0,
        "Total Revenue": 711692000.0,
        "Operating Revenue": 711692000.0
    },
    "2023-12-31": {
        "Tax Effect Of Unusual Items": 0.0,
        "Tax Rate For Calcs": 0.090046,
        "Normalized EBITDA": 316363000.0,
        "Total Unusual Items": 0.0,
        "Total Unusual Items Excluding Goodwill": 0.0,
        "Net Income From Continuing Operation Net Minority Interest": 216205000.0,
        "Reconciled Depreciation": 48060000.0,
        "Reconciled Cost Of Revenue": 282448000.0,
        "EBITDA": 316363000.0,
        "EBIT": 268303000.0,
        "Net Interest Income": -26066000.0,
        "Interest Expense": 30703000.0,
        "Interest Income": 4637000.0,
        "Normalized Income": 216205000.0,
        "Net Income From Continuing And Discontinued Operation": 216205000.0,
        "Total Expenses": 555251000.0,
        "Total Operating Income As Reported": 264223000.0,
        "Diluted Average Shares": 59311000.0,
        "Basic Average Shares": 59142000.0,
        "Diluted EPS": 3.65,
        "Basic EPS": 3.66,
        "Diluted NI Availto Com Stockholders": 216205000.0,
        "Net Income Common Stockholders": 216205000.0,
        "Net Income": 216205000.0,
        "Net Income Including Noncontrolling Interests": 216205000.0,
        "Net Income Continuous Operations": 216205000.0,
        "Tax Provision": 21395000.0,
        "Pretax Income": 237600000.0,
        "Other Income Expense": -557000.0,
        "Other Non Operating Income Expenses": -557000.0,
        "Special Income Charges": 0.0,
        "Other Special Charges": NaN,
        "Net Non Operating Interest Income Expense": -26066000.0,
        "Interest Expense Non Operating": 30703000.0,
        "Interest Income Non Operating": 4637000.0,
        "Operating Income": 264223000.0,
        "Operating Expense": 236891000.0,
        "Depreciation Amortization Depletion Income Statement": 12148000.0,
        "Depreciation And Amortization In Income Statement": 12148000.0,
        "Amortization": 12148000.0,
        "Amortization Of Intangibles Income Statement": 12148000.0,
        "Research And Development": 44386000.0,
        "Selling General And Administration": 180357000.0,
        "Gross Profit": 501114000.0,
        "Cost Of Revenue": 318360000.0,
        "Total Revenue": 819474000.0,
        "Operating Revenue": 819474000.0
    }
}