{
    "2023-06-30": {
        "Tax Effect Of Unusual Items": -8576400.0,
        "Tax Rate For Calcs": 0.21,
        "Total Unusual Items": -40840000.0,
        "Total Unusual Items Excluding Goodwill": -40840000.0,
        "Net Income From Continuing Operation Net Minority Interest": 234968000.0,
        "Reconciled Depreciation": 19962000.0,
        "Net Interest Income": 583829000.0,
        "Interest Expense": 349567000.0,
        "Interest Income": 933396000.0,
        "Normalized Income": 267231600.0,
        "Net Income From Continuing And Discontinued Operation": 234968000.0,
        "Diluted Average Shares": 172803000.0,
        "Basic Average Shares": 172739000.0,
        "Diluted EPS": 1.32,
        "Basic EPS": 1.32,
        "Diluted NI Availto Com Stockholders": 228571000.0,
        "Net Income Common Stockholders": 228571000.0,
        "Otherunder Preferred Stock Dividend": 2235000.0,
        "Preferred Stock Dividends": 4162000.0,
        "Net Income": 234968000.0,
        "Net Income Including Noncontrolling Interests": 234968000.0,
        "Net Income Continuous Operations": 234968000.0,
        "Tax Provision": 62648000.0,
        "Pretax Income": 297616000.0,
        "Special Income Charges": -40840000.0,
        "Other Special Charges": NaN,
        "Restructuring And Mergern Acquisition": 40840000.0,
        "Gain On Sale Of Security": -48000.0,
        "Depreciation Amortization Depletion Income Statement": 9193000.0,
        "Depreciation And Amortization In Income Statement": 9193000.0,
        "Amortization": 9193000.0,
        "Amortization Of Intangibles Income Statement": 9193000.0,
        "Selling General And Administration": 184687000.0,
        "Selling And Marketing Expense": 4334000.0,
        "General And Administrative Expense": 180353000.0,
        "Insurance And Claims": 13723000.0,
        "Salaries And Wages": 166630000.0,
        "Total Revenue": 673203000.0,
        "Operating Revenue": 673203000.0
    },
    "2023-03-31": {
        "Tax Effect Of Unusual Items": -6756940.0,
        "Tax Rate For Calcs": 0.23,
        "Total Unusual Items": -29378000.0,
        "Total Unusual Items Excluding Goodwill": -29378000.0,
        "Net Income From Continuing Operation Net Minority Interest": 221004000.0,
        "Reconciled Depreciation": 21086000.0,
        "Net Interest Income": 595283000.0,
        "Interest Expense": 235645000.0,
        "Interest Income": 830928000.0,
        "Normalized Income": 243625060.0,
        "Net Income From Continuing And Discontinued Operation": 221004000.0,
        "Diluted Average Shares": 172883000.0,
        "Basic Average Shares": 172766000.0,
        "Diluted EPS": 1.24,
        "Basic EPS": 1.24,
        "Diluted NI Availto Com Stockholders": 216841000.0,
        "Net Income Common Stockholders": 216841000.0,
        "Otherunder Preferred Stock Dividend": NaN,
        "Preferred Stock Dividends": 4163000.0,
        "Net Income": 221004000.0,
        "Net Income Including Noncontrolling Interests": 221004000.0,
        "Net Income Continuous Operations": 221004000.0,
        "Tax Provision": 65829000.0,
        "Pretax Income": 286833000.0,
        "Special Income Charges": -29378000.0,
        "Other Special Charges": 5000.0,
        "Restructuring And Mergern Acquisition": 29373000.0,
        "Gain On Sale Of Security": -16747000.0,
        "Depreciation Amortization Depletion Income Statement": 9497000.0,
        "Depreciation And Amortization In Income Statement": 9497000.0,
        "Amortization": 9497000.0,
        "Amortization Of Intangibles Income Statement": 9497000.0,
        "Selling General And Administration": 177752000.0,
        "Selling And Marketing Expense": 3341000.0,
        "General And Administrative Expense": 174411000.0,
        "Insurance And Claims": 12323000.0,
        "Salaries And Wages": 162088000.0,
        "Total Revenue": 666049000.0,
        "Operating Revenue": 666049000.0
    },
    "2022-12-31": {
        "Tax Effect Of Unusual Items": -9730967.390888,
        "Tax Rate For Calcs": 0.218457,
        "Total Unusual Items": -44544000.0,
        "Total Unusual Items Excluding Goodwill": -44544000.0,
        "Net Income From Continuing Operation Net Minority Interest": 244751000.0,
        "Reconciled Depreciation": 18116000.0,
        "Net Interest Income": 602375000.0,
        "Interest Expense": 141218000.0,
        "Interest Income": 743593000.0,
        "Normalized Income": 279564032.609112,
        "Net Income From Continuing And Discontinued Operation": 244751000.0,
        "Diluted Average Shares": 172699000.0,
        "Basic Average Shares": 172522000.0,
        "Diluted EPS": 1.38,
        "Basic EPS": 1.38,
        "Diluted NI Availto Com Stockholders": 244150000.0,
        "Net Income Common Stockholders": 244150000.0,
        "Otherunder Preferred Stock Dividend": NaN,
        "Preferred Stock Dividends": 4163000.0,
        "Net Income": 244751000.0,
        "Net Income Including Noncontrolling Interests": 244751000.0,
        "Net Income Continuous Operations": 244751000.0,
        "Tax Provision": 68413000.0,
        "Pretax Income": 313164000.0,
        "Special Income Charges": -44544000.0,
        "Other Special Charges": 1786000.0,
        "Restructuring And Mergern Acquisition": 42758000.0,
        "Gain On Sale Of Security": -4517000.0,
        "Depreciation Amortization Depletion Income Statement": 8240000.0,
        "Depreciation And Amortization In Income Statement": 8240000.0,
        "Amortization": 8240000.0,
        "Amortization Of Intangibles Income Statement": 8240000.0,
        "Selling General And Administration": 182381000.0,
        "Selling And Marketing Expense": 5353000.0,
        "General And Administrative Expense": 177028000.0,
        "Insurance And Claims": 6578000.0,
        "Salaries And Wages": 170450000.0,
        "Total Revenue": 701522000.0,
        "Operating Revenue": 701522000.0
    },
    "2022-09-30": {
        "Tax Effect Of Unusual Items": -7987895.0,
        "Tax Rate For Calcs": 0.215,
        "Total Unusual Items": -37153000.0,
        "Total Unusual Items Excluding Goodwill": -37153000.0,
        "Net Income From Continuing Operation Net Minority Interest": 233968000.0,
        "Reconciled Depreciation": 8511000.0,
        "Net Interest Income": 551003000.0,
        "Interest Expense": 66566000.0,
        "Interest Income": 617569000.0,
        "Normalized Income": 263133105.0,
        "Net Income From Continuing And Discontinued Operation": 233968000.0,
        "Diluted Average Shares": 173944000.0,
        "Basic Average Shares": 173868000.0,
        "Diluted EPS": 1.31,
        "Basic EPS": 1.31,
        "Diluted NI Availto Com Stockholders": 229806000.0,
        "Net Income Common Stockholders": 229806000.0,
        "Otherunder Preferred Stock Dividend": 2128000.0,
        "Preferred Stock Dividends": 4162000.0,
        "Net Income": 233968000.0,
        "Net Income Including Noncontrolling Interests": 233968000.0,
        "Net Income Continuous Operations": 233968000.0,
        "Tax Provision": 64069000.0,
        "Pretax Income": 298037000.0,
        "Special Income Charges": -37153000.0,
        "Other Special Charges": NaN,
        "Restructuring And Mergern Acquisition": 37153000.0,
        "Gain On Sale Of Security": -2234000.0,
        "Depreciation Amortization Depletion Income Statement": 8511000.0,
        "Depreciation And Amortization In Income Statement": 8511000.0,
        "Amortization": 8511000.0,
        "Amortization Of Intangibles Income Statement": 8511000.0,
        "Selling General And Administration": 185927000.0,
        "Selling And Marketing Expense": 3918000.0,
        "General And Administrative Expense": 182009000.0,
        "Insurance And Claims": 8026000.0,
        "Salaries And Wages": 173983000.0,
        "Total Revenue": 664059000.0,
        "Operating Revenue": 664059000.0
    },
    "2022-06-30": {
        "Tax Effect Of Unusual Items": -15358728.0,
        "Tax Rate For Calcs": 0.231,
        "Total Unusual Items": -66488000.0,
        "Total Unusual Items Excluding Goodwill": -66488000.0,
        "Net Income From Continuing Operation Net Minority Interest": 182311000.0,
        "Reconciled Depreciation": 8802000.0,
        "Net Interest Income": 486660000.0,
        "Interest Expense": 27087000.0,
        "Interest Income": 513747000.0,
        "Normalized Income": 233440272.0,
        "Net Income From Continuing And Discontinued Operation": 182311000.0,
        "Diluted Average Shares": 175895000.0,
        "Basic Average Shares": 175845000.0,
        "Diluted EPS": 1.0,
        "Basic EPS": 1.0,
        "Diluted NI Availto Com Stockholders": 178148000.0,
        "Net Income Common Stockholders": 178148000.0,
        "Otherunder Preferred Stock Dividend": NaN,
        "Preferred Stock Dividends": 4163000.0,
        "Net Income": 182311000.0,
        "Net Income Including Noncontrolling Interests": 182311000.0,
        "Net Income Continuous Operations": 182311000.0,
        "Tax Provision": 54812000.0,
        "Pretax Income": 237123000.0,
        "Special Income Charges": -66488000.0,
        "Other Special Charges": NaN,
        "Restructuring And Mergern Acquisition": 66488000.0,
        "Gain On Sale Of Security": NaN,
        "Depreciation Amortization Depletion Income Statement": 8802000.0,
        "Depreciation And Amortization In Income Statement": 8802000.0,
        "Amortization": 8802000.0,
        "Amortization Of Intangibles Income Statement": 8802000.0,
        "Selling General And Administration": 197845000.0,
        "Selling And Marketing Expense": 3441000.0,
        "General And Administrative Expense": 194404000.0,
        "Insurance And Claims": 6748000.0,
        "Salaries And Wages": 187656000.0,
        "Total Revenue": 606861000.0,
        "Operating Revenue": 606861000.0
    },
    "2022-03-31": {
        "Diluted EPS": -0.14,
        "Total Revenue": 514,
        "Gross Profit": 498,
        "Operating Income": -50,
        "EBIT": NaN,
        "Net Income": -20
    },
    "2021-12-31": {
        "Diluted EPS": 1.21,
        "Total Revenue": 326,
        "Gross Profit": 317,
        "Operating Income": 142,
        "EBIT": NaN,
        "Net Income": 109
    },
    "2021-09-30": {
        "Diluted EPS": 1.03,
        "Total Revenue": 323,
        "Gross Profit": 313,
        "Operating Income": 125,
        "EBIT": NaN,
        "Net Income": 94
    },
    "2021-06-30": {
        "Diluted EPS": 1.01,
        "Total Revenue": 304,
        "Gross Profit": 294,
        "Operating Income": 128,
        "EBIT": NaN,
        "Net Income": 92
    },
    "2021-03-31": {
        "Diluted EPS": 1.17,
        "Total Revenue": 312,
        "Gross Profit": 301,
        "Operating Income": 138,
        "EBIT": NaN,
        "Net Income": 106
    },
    "2020-12-31": {
        "Diluted EPS": 0.64,
        "Total Revenue": 313,
        "Gross Profit": 294,
        "Operating Income": 75,
        "EBIT": NaN,
        "Net Income": 59
    },
    "2020-09-30": {
        "Diluted EPS": 0.75,
        "Total Revenue": 314,
        "Gross Profit": 294,
        "Operating Income": 88,
        "EBIT": NaN,
        "Net Income": 67
    },
    "2020-06-30": {
        "Diluted EPS": 0.57,
        "Total Revenue": 312,
        "Gross Profit": 284,
        "Operating Income": 68,
        "EBIT": NaN,
        "Net Income": 51
    },
    "2020-03-31": {
        "Diluted EPS": 0.39,
        "Total Revenue": 348,
        "Gross Profit": 304,
        "Operating Income": 49,
        "EBIT": NaN,
        "Net Income": 36
    },
    "2019-12-31": {
        "Diluted EPS": 0.95,
        "Total Revenue": 353,
        "Gross Profit": 302,
        "Operating Income": 116,
        "EBIT": NaN,
        "Net Income": 90
    },
    "2019-09-30": {
        "Diluted EPS": 1.0,
        "Total Revenue": 364,
        "Gross Profit": 310,
        "Operating Income": 119,
        "EBIT": NaN,
        "Net Income": 91
    },
    "2019-06-30": {
        "Diluted EPS": 1.05,
        "Total Revenue": 368,
        "Gross Profit": 318,
        "Operating Income": 125,
        "EBIT": NaN,
        "Net Income": 96
    },
    "2019-03-31": {
        "Diluted EPS": 1.06,
        "Total Revenue": 355,
        "Gross Profit": 310,
        "Operating Income": 126,
        "EBIT": NaN,
        "Net Income": 98
    },
    "2018-12-31": {
        "Diluted EPS": 1.04,
        "Total Revenue": 354,
        "Gross Profit": 310,
        "Operating Income": 126,
        "EBIT": NaN,
        "Net Income": 97
    },
    "2018-09-30": {
        "Diluted EPS": 1.06,
        "Total Revenue": 341,
        "Gross Profit": 303,
        "Operating Income": 113,
        "EBIT": NaN,
        "Net Income": 97
    },
    "2018-06-30": {
        "Diluted EPS": 0.86,
        "Total Revenue": 329,
        "Gross Profit": 293,
        "Operating Income": 102,
        "EBIT": NaN,
        "Net Income": 79
    },
    "2018-03-31": {
        "Diluted EPS": 0.85,
        "Total Revenue": 315,
        "Gross Profit": 283,
        "Operating Income": 100,
        "EBIT": NaN,
        "Net Income": 78
    },
    "2017-12-31": {
        "Diluted EPS": 0.74,
        "Total Revenue": 302,
        "Gross Profit": 271,
        "Operating Income": 87,
        "EBIT": NaN,
        "Net Income": 68
    },
    "2017-09-30": {
        "Diluted EPS": 0.67,
        "Total Revenue": 297,
        "Gross Profit": 267,
        "Operating Income": 95,
        "EBIT": NaN,
        "Net Income": 62
    },
    "2017-06-30": {
        "Diluted EPS": 0.64,
        "Total Revenue": 291,
        "Gross Profit": 262,
        "Operating Income": 91,
        "EBIT": NaN,
        "Net Income": 59
    },
    "2017-03-31": {
        "Diluted EPS": 0.62,
        "Total Revenue": 283,
        "Gross Profit": 256,
        "Operating Income": 81,
        "EBIT": NaN,
        "Net Income": 57
    },
    "2016-12-31": {
        "Diluted EPS": 0.6,
        "Total Revenue": 282,
        "Gross Profit": 256,
        "Operating Income": 82,
        "EBIT": NaN,
        "Net Income": 55
    },
    "2016-09-30": {
        "Diluted EPS": 0.54,
        "Total Revenue": 272,
        "Gross Profit": 247,
        "Operating Income": 76,
        "EBIT": NaN,
        "Net Income": 50
    },
    "2016-06-30": {
        "Diluted EPS": 0.53,
        "Total Revenue": 268,
        "Gross Profit": 242,
        "Operating Income": 75,
        "EBIT": NaN,
        "Net Income": 48
    },
    "2016-03-31": {
        "Diluted EPS": 0.49,
        "Total Revenue": 265,
        "Gross Profit": 239,
        "Operating Income": 70,
        "EBIT": NaN,
        "Net Income": 45
    },
    "2015-12-31": {
        "Diluted EPS": 0.53,
        "Total Revenue": 258,
        "Gross Profit": 233,
        "Operating Income": 75,
        "EBIT": NaN,
        "Net Income": 49
    },
    "2015-09-30": {
        "Diluted EPS": 0.53,
        "Total Revenue": 253,
        "Gross Profit": 229,
        "Operating Income": 76,
        "EBIT": NaN,
        "Net Income": 49
    },
    "2015-06-30": {
        "Diluted EPS": 0.55,
        "Total Revenue": 246,
        "Gross Profit": 223,
        "Operating Income": 72,
        "EBIT": NaN,
        "Net Income": 50
    },
    "2015-03-31": {
        "Diluted EPS": 0.52,
        "Total Revenue": 241,
        "Gross Profit": 218,
        "Operating Income": 74,
        "EBIT": NaN,
        "Net Income": 47
    },
    "2014-12-31": {
        "Diluted EPS": 0.52,
        "Total Revenue": 238,
        "Gross Profit": 214,
        "Operating Income": 75,
        "EBIT": NaN,
        "Net Income": 48
    },
    "2014-09-30": {
        "Diluted EPS": 0.53,
        "Total Revenue": 231,
        "Gross Profit": 208,
        "Operating Income": 74,
        "EBIT": NaN,
        "Net Income": 48
    },
    "2014-06-30": {
        "Diluted EPS": 0.5,
        "Total Revenue": 225,
        "Gross Profit": 203,
        "Operating Income": 71,
        "EBIT": NaN,
        "Net Income": 45
    },
    "2014-03-31": {
        "Diluted EPS": 0.53,
        "Total Revenue": 228,
        "Gross Profit": 205,
        "Operating Income": 72,
        "EBIT": NaN,
        "Net Income": 48
    },
    "2013-12-31": {
        "Diluted EPS": 0.45,
        "Total Revenue": 220,
        "Gross Profit": 198,
        "Operating Income": 63,
        "EBIT": NaN,
        "Net Income": 41
    },
    "2013-09-30": {
        "Diluted EPS": 0.49,
        "Total Revenue": 218,
        "Gross Profit": 196,
        "Operating Income": 65,
        "EBIT": NaN,
        "Net Income": 45
    },
    "2013-06-30": {
        "Diluted EPS": 0.48,
        "Total Revenue": 222,
        "Gross Profit": 199,
        "Operating Income": 67,
        "EBIT": NaN,
        "Net Income": 44
    },
    "2013-03-31": {
        "Diluted EPS": 0.44,
        "Total Revenue": 218,
        "Gross Profit": 194,
        "Operating Income": 61,
        "EBIT": NaN,
        "Net Income": 39
    },
    "2012-12-31": {
        "Diluted EPS": 0.52,
        "Total Revenue": 225,
        "Gross Profit": 199,
        "Operating Income": 69,
        "EBIT": NaN,
        "Net Income": 48
    },
    "2012-09-30": {
        "Diluted EPS": 0.48,
        "Total Revenue": 221,
        "Gross Profit": 193,
        "Operating Income": 64,
        "EBIT": NaN,
        "Net Income": 44
    },
    "2012-06-30": {
        "Diluted EPS": 0.44,
        "Total Revenue": 222,
        "Gross Profit": 192,
        "Operating Income": 60,
        "EBIT": NaN,
        "Net Income": 41
    },
    "2012-03-31": {
        "Diluted EPS": 0.42,
        "Total Revenue": 218,
        "Gross Profit": 187,
        "Operating Income": 56,
        "EBIT": NaN,
        "Net Income": 38
    },
    "2011-12-31": {
        "Diluted EPS": 0.44,
        "Total Revenue": 215,
        "Gross Profit": 183,
        "Operating Income": 54,
        "EBIT": NaN,
        "Net Income": 40
    },
    "2011-09-30": {
        "Diluted EPS": 0.45,
        "Total Revenue": 219,
        "Gross Profit": 186,
        "Operating Income": 58,
        "EBIT": NaN,
        "Net Income": 41
    },
    "2011-06-30": {
        "Diluted EPS": 0.36,
        "Total Revenue": 222,
        "Gross Profit": 187,
        "Operating Income": 50,
        "EBIT": NaN,
        "Net Income": 33
    },
    "2011-03-31": {
        "Diluted EPS": 0.36,
        "Total Revenue": 220,
        "Gross Profit": 184,
        "Operating Income": 45,
        "EBIT": NaN,
        "Net Income": 34
    },
    "2010-12-31": {
        "Diluted EPS": 0.28,
        "Total Revenue": 218,
        "Gross Profit": 180,
        "Operating Income": 37,
        "EBIT": NaN,
        "Net Income": 23
    },
    "2010-09-30": {
        "Diluted EPS": 0.22,
        "Total Revenue": 224,
        "Gross Profit": 182,
        "Operating Income": 27,
        "EBIT": NaN,
        "Net Income": 18
    },
    "2010-06-30": {
        "Diluted EPS": 0.15,
        "Total Revenue": 244,
        "Gross Profit": 198,
        "Operating Income": 18,
        "EBIT": NaN,
        "Net Income": 13
    },
    "2010-03-31": {
        "Diluted EPS": -0.08,
        "Total Revenue": 225,
        "Gross Profit": 178,
        "Operating Income": 2,
        "EBIT": NaN,
        "Net Income": -6
    },
    "2009-12-31": {
        "Diluted EPS": -0.71,
        "Total Revenue": 233,
        "Gross Profit": 182,
        "Operating Income": -17,
        "EBIT": NaN,
        "Net Income": -56
    },
    "2009-09-30": {
        "Diluted EPS": -0.39,
        "Total Revenue": 229,
        "Gross Profit": 171,
        "Operating Income": -41,
        "EBIT": NaN,
        "Net Income": -26
    },
    "2009-06-30": {
        "Diluted EPS": -0.65,
        "Total Revenue": 223,
        "Gross Profit": 155,
        "Operating Income": -60,
        "EBIT": NaN,
        "Net Income": 17
    },
    "2009-03-31": {
        "Diluted EPS": -0.41,
        "Total Revenue": 246,
        "Gross Profit": 172,
        "Operating Income": -12,
        "EBIT": NaN,
        "Net Income": -22
    },
    "2023-09-30": {
        "Tax Effect Of Unusual Items": -11523875.0,
        "Tax Rate For Calcs": 0.187,
        "Total Unusual Items": -61625000.0,
        "Total Unusual Items Excluding Goodwill": -61625000.0,
        "Net Income From Continuing Operation Net Minority Interest": 226475000.0,
        "Reconciled Depreciation": 18662000.0,
        "Net Interest Income": 587136000.0,
        "Interest Expense": 343653000.0,
        "Interest Income": 930789000.0,
        "Normalized Income": 276576125.0,
        "Net Income From Continuing And Discontinued Operation": 226475000.0,
        "Diluted Average Shares": 171350000.0,
        "Basic Average Shares": 171210000.0,
        "Diluted EPS": 1.28,
        "Basic EPS": 1.29,
        "Diluted NI Availto Com Stockholders": 220167000.0,
        "Net Income Common Stockholders": 220167000.0,
        "Otherunder Preferred Stock Dividend": 2146000.0,
        "Preferred Stock Dividends": 4162000.0,
        "Net Income": 226475000.0,
        "Net Income Including Noncontrolling Interests": 226475000.0,
        "Net Income Continuous Operations": 226475000.0,
        "Tax Provision": 51965000.0,
        "Pretax Income": 278440000.0,
        "Special Income Charges": -61625000.0,
        "Other Special Charges": NaN,
        "Restructuring And Mergern Acquisition": 61625000.0,
        "Gain On Sale Of Security": 0.0,
        "Depreciation Amortization Depletion Income Statement": 8899000.0,
        "Depreciation And Amortization In Income Statement": 8899000.0,
        "Amortization": 8899000.0,
        "Amortization Of Intangibles Income Statement": 8899000.0,
        "Selling General And Administration": 187296000.0,
        "Selling And Marketing Expense": 3236000.0,
        "General And Administrative Expense": 184060000.0,
        "Insurance And Claims": 13310000.0,
        "Salaries And Wages": 170750000.0,
        "Total Revenue": 677518000.0,
        "Operating Revenue": 677518000.0
    },
    "2023-12-31": {
        "Tax Effect Of Unusual Items": NaN,
        "Tax Rate For Calcs": NaN,
        "Total Unusual Items": NaN,
        "Total Unusual Items Excluding Goodwill": NaN,
        "Net Income From Continuing Operation Net Minority Interest": NaN,
        "Reconciled Depreciation": NaN,
        "Net Interest Income": NaN,
        "Interest Expense": NaN,
        "Interest Income": NaN,
        "Normalized Income": NaN,
        "Net Income From Continuing And Discontinued Operation": NaN,
        "Diluted Average Shares": 170623000.0,
        "Basic Average Shares": 170415000.0,
        "Diluted EPS": 1.05,
        "Basic EPS": 1.05,
        "Diluted NI Availto Com Stockholders": NaN,
        "Net Income Common Stockholders": NaN,
        "Otherunder Preferred Stock Dividend": NaN,
        "Preferred Stock Dividends": NaN,
        "Net Income": NaN,
        "Net Income Including Noncontrolling Interests": NaN,
        "Net Income Continuous Operations": NaN,
        "Tax Provision": NaN,
        "Pretax Income": NaN,
        "Special Income Charges": NaN,
        "Other Special Charges": NaN,
        "Restructuring And Mergern Acquisition": NaN,
        "Gain On Sale Of Security": NaN,
        "Depreciation Amortization Depletion Income Statement": NaN,
        "Depreciation And Amortization In Income Statement": NaN,
        "Amortization": NaN,
        "Amortization Of Intangibles Income Statement": NaN,
        "Selling General And Administration": NaN,
        "Selling And Marketing Expense": NaN,
        "General And Administrative Expense": NaN,
        "Insurance And Claims": NaN,
        "Salaries And Wages": NaN,
        "Total Revenue": NaN,
        "Operating Revenue": NaN
    }
}