{
    "2023-03-31": {
        "Tax Effect Of Unusual Items": -402840.0,
        "Tax Rate For Calcs": 0.216,
        "Normalized EBITDA": 565784000.0,
        "Total Unusual Items": -1865000.0,
        "Total Unusual Items Excluding Goodwill": -1865000.0,
        "Net Income From Continuing Operation Net Minority Interest": 197813000.0,
        "Reconciled Depreciation": 243341000.0,
        "Reconciled Cost Of Revenue": 1146941000.0,
        "EBITDA": 563919000.0,
        "EBIT": 320578000.0,
        "Net Interest Income": -65638000.0,
        "Interest Expense": 68353000.0,
        "Interest Income": 2715000.0,
        "Normalized Income": 199275160.0,
        "Net Income From Continuing And Discontinued Operation": 197813000.0,
        "Total Expenses": 1583949000.0,
        "Total Operating Income As Reported": 314689000.0,
        "Diluted Average Shares": 257988971.0,
        "Basic Average Shares": 257372942.0,
        "Diluted EPS": 0.77,
        "Basic EPS": 0.77,
        "Diluted NI Availto Com Stockholders": 197813000.0,
        "Net Income Common Stockholders": 197813000.0,
        "Net Income": 197813000.0,
        "Minority Interests": -23000.0,
        "Net Income Including Noncontrolling Interests": 197836000.0,
        "Net Income Continuous Operations": 197836000.0,
        "Tax Provision": 54389000.0,
        "Pretax Income": 252225000.0,
        "Other Income Expense": 1309000.0,
        "Other Non Operating Income Expenses": 3174000.0,
        "Special Income Charges": -1865000.0,
        "Write Off": 1865000.0,
        "Net Non Operating Interest Income Expense": -65638000.0,
        "Interest Expense Non Operating": 68353000.0,
        "Interest Income Non Operating": 2715000.0,
        "Operating Income": 316554000.0,
        "Operating Expense": 437008000.0,
        "Depreciation Amortization Depletion Income Statement": 243341000.0,
        "Depreciation And Amortization In Income Statement": 243341000.0,
        "Amortization": 39282000.0,
        "Amortization Of Intangibles Income Statement": 39282000.0,
        "Depreciation Income Statement": 204059000.0,
        "Selling General And Administration": 193667000.0,
        "Gross Profit": 753562000.0,
        "Cost Of Revenue": 1146941000.0,
        "Total Revenue": 1900503000.0,
        "Operating Revenue": 1900503000.0
    },
    "2022-12-31": {
        "Tax Effect Of Unusual Items": 280815.594118,
        "Tax Rate For Calcs": 0.227013,
        "Normalized EBITDA": 557723000.0,
        "Total Unusual Items": 1237000.0,
        "Total Unusual Items Excluding Goodwill": 1237000.0,
        "Net Income From Continuing Operation Net Minority Interest": 194352000.0,
        "Reconciled Depreciation": 242830000.0,
        "Reconciled Cost Of Revenue": 1137973000.0,
        "EBITDA": 558960000.0,
        "EBIT": 316130000.0,
        "Net Interest Income": -61390000.0,
        "Interest Expense": 64766000.0,
        "Interest Income": 3376000.0,
        "Normalized Income": 193395815.594118,
        "Net Income From Continuing And Discontinued Operation": 194352000.0,
        "Total Expenses": 1558566000.0,
        "Total Operating Income As Reported": 311973000.0,
        "Diluted Average Shares": 257972951.0,
        "Basic Average Shares": 257218044.0,
        "Diluted EPS": 0.75,
        "Basic EPS": 0.76,
        "Diluted NI Availto Com Stockholders": 194352000.0,
        "Net Income Common Stockholders": 194352000.0,
        "Net Income": 194352000.0,
        "Minority Interests": 51000.0,
        "Net Income Including Noncontrolling Interests": 194301000.0,
        "Net Income Continuous Operations": 194301000.0,
        "Tax Provision": 57063000.0,
        "Pretax Income": 251364000.0,
        "Other Income Expense": 2018000.0,
        "Other Non Operating Income Expenses": 781000.0,
        "Special Income Charges": 1237000.0,
        "Write Off": -1237000.0,
        "Net Non Operating Interest Income Expense": -61390000.0,
        "Interest Expense Non Operating": 64766000.0,
        "Interest Income Non Operating": 3376000.0,
        "Operating Income": 310736000.0,
        "Operating Expense": 420593000.0,
        "Depreciation Amortization Depletion Income Statement": 242830000.0,
        "Depreciation And Amortization In Income Statement": 242830000.0,
        "Amortization": 41719000.0,
        "Amortization Of Intangibles Income Statement": 41719000.0,
        "Depreciation Income Statement": 201111000.0,
        "Selling General And Administration": 177763000.0,
        "Gross Profit": 731329000.0,
        "Cost Of Revenue": 1137973000.0,
        "Total Revenue": 1869302000.0,
        "Operating Revenue": 1869302000.0
    },
    "2022-09-30": {
        "Tax Effect Of Unusual Items": -2291686.712514,
        "Tax Rate For Calcs": 0.170538,
        "Normalized EBITDA": 582623000.0,
        "Total Unusual Items": -13438000.0,
        "Total Unusual Items Excluding Goodwill": -13438000.0,
        "Net Income From Continuing Operation Net Minority Interest": 236912000.0,
        "Reconciled Depreciation": 232145000.0,
        "Reconciled Cost Of Revenue": 1120630000.0,
        "EBITDA": 569185000.0,
        "EBIT": 337039000.0,
        "Net Interest Income": -49377000.0,
        "Interest Expense": 51161000.0,
        "Interest Income": 1784000.0,
        "Normalized Income": 248058313.287486,
        "Net Income From Continuing And Discontinued Operation": 236912000.0,
        "Total Expenses": 1539662000.0,
        "Total Operating Income As Reported": 326768000.0,
        "Diluted Average Shares": 257891635.0,
        "Basic Average Shares": 257197010.0,
        "Diluted EPS": 0.92,
        "Basic EPS": 0.92,
        "Diluted NI Availto Com Stockholders": 236912000.0,
        "Net Income Common Stockholders": 236912000.0,
        "Net Income": 236912000.0,
        "Minority Interests": -213000.0,
        "Net Income Including Noncontrolling Interests": 237125000.0,
        "Net Income Continuous Operations": 237125000.0,
        "Tax Provision": 48753000.0,
        "Pretax Income": 285878000.0,
        "Other Income Expense": -4951000.0,
        "Other Non Operating Income Expenses": 8487000.0,
        "Special Income Charges": -13438000.0,
        "Write Off": 13438000.0,
        "Net Non Operating Interest Income Expense": -49377000.0,
        "Interest Expense Non Operating": 51161000.0,
        "Interest Income Non Operating": 1784000.0,
        "Operating Income": 340206000.0,
        "Operating Expense": 419033000.0,
        "Depreciation Amortization Depletion Income Statement": 232146000.0,
        "Depreciation And Amortization In Income Statement": 232146000.0,
        "Amortization": 38859000.0,
        "Amortization Of Intangibles Income Statement": 38859000.0,
        "Depreciation Income Statement": 193287000.0,
        "Selling General And Administration": 186887000.0,
        "Gross Profit": 759239000.0,
        "Cost Of Revenue": 1120629000.0,
        "Total Revenue": 1879868000.0,
        "Operating Revenue": 1879868000.0
    },
    "2022-06-30": {
        "Tax Effect Of Unusual Items": -856502.863575,
        "Tax Rate For Calcs": 0.206386,
        "Normalized EBITDA": 558143000.0,
        "Total Unusual Items": -4150000.0,
        "Total Unusual Items Excluding Goodwill": -4150000.0,
        "Net Income From Continuing Operation Net Minority Interest": 224074000.0,
        "Reconciled Depreciation": 226400000.0,
        "Reconciled Cost Of Revenue": 1087891000.0,
        "EBITDA": 553993000.0,
        "EBIT": 327593000.0,
        "Net Interest Income": -44427000.0,
        "Interest Expense": 45079000.0,
        "Interest Income": 652000.0,
        "Normalized Income": 227367497.136425,
        "Net Income From Continuing And Discontinued Operation": 224074000.0,
        "Total Expenses": 1482695000.0,
        "Total Operating Income As Reported": 329590000.0,
        "Diluted Average Shares": 257736745.0,
        "Basic Average Shares": 257179434.0,
        "Diluted EPS": 0.87,
        "Basic EPS": 0.87,
        "Diluted NI Availto Com Stockholders": 224074000.0,
        "Net Income Common Stockholders": 224074000.0,
        "Net Income": 224074000.0,
        "Minority Interests": -133000.0,
        "Net Income Including Noncontrolling Interests": 224207000.0,
        "Net Income Continuous Operations": 224207000.0,
        "Tax Provision": 58307000.0,
        "Pretax Income": 282514000.0,
        "Other Income Expense": -6799000.0,
        "Other Non Operating Income Expenses": -2649000.0,
        "Special Income Charges": -4150000.0,
        "Write Off": 4150000.0,
        "Net Non Operating Interest Income Expense": -44427000.0,
        "Interest Expense Non Operating": 45079000.0,
        "Interest Income Non Operating": 652000.0,
        "Operating Income": 333740000.0,
        "Operating Expense": 394803000.0,
        "Depreciation Amortization Depletion Income Statement": 226399000.0,
        "Depreciation And Amortization In Income Statement": 226399000.0,
        "Amortization": 37462000.0,
        "Amortization Of Intangibles Income Statement": 37462000.0,
        "Depreciation Income Statement": 188937000.0,
        "Selling General And Administration": 168404000.0,
        "Gross Profit": 728543000.0,
        "Cost Of Revenue": 1087892000.0,
        "Total Revenue": 1816435000.0,
        "Operating Revenue": 1816435000.0
    },
    "2023-06-30": {
        "Tax Effect Of Unusual Items": -2680370.980228,
        "Tax Rate For Calcs": 0.246834,
        "Normalized EBITDA": 608499000.0,
        "Total Unusual Items": -10859000.0,
        "Total Unusual Items Excluding Goodwill": -10859000.0,
        "Net Income From Continuing Operation Net Minority Interest": 209208000.0,
        "Reconciled Depreciation": 252374000.0,
        "Reconciled Cost Of Revenue": 1197349000.0,
        "EBITDA": 597640000.0,
        "EBIT": 345266000.0,
        "Net Interest Income": -66207000.0,
        "Interest Expense": 67545000.0,
        "Interest Income": 1338000.0,
        "Normalized Income": 217386629.019772,
        "Net Income From Continuing And Discontinued Operation": 209208000.0,
        "Total Expenses": 1666108000.0,
        "Total Operating Income As Reported": 344128000.0,
        "Diluted Average Shares": 258110491.0,
        "Basic Average Shares": 257596993.0,
        "Diluted EPS": 0.81,
        "Basic EPS": 0.81,
        "Diluted NI Availto Com Stockholders": 209208000.0,
        "Net Income Common Stockholders": 209208000.0,
        "Net Income": 209208000.0,
        "Minority Interests": 38000.0,
        "Net Income Including Noncontrolling Interests": 209170000.0,
        "Net Income Continuous Operations": 209170000.0,
        "Tax Provision": 68551000.0,
        "Pretax Income": 277721000.0,
        "Other Income Expense": -11059000.0,
        "Other Non Operating Income Expenses": -200000.0,
        "Special Income Charges": -10859000.0,
        "Write Off": 10859000.0,
        "Net Non Operating Interest Income Expense": -66207000.0,
        "Interest Expense Non Operating": 67545000.0,
        "Interest Income Non Operating": 1338000.0,
        "Operating Income": 354987000.0,
        "Operating Expense": 468759000.0,
        "Depreciation Amortization Depletion Income Statement": 252374000.0,
        "Depreciation And Amortization In Income Statement": 252374000.0,
        "Amortization": 39052000.0,
        "Amortization Of Intangibles Income Statement": 39052000.0,
        "Depreciation Income Statement": 213322000.0,
        "Selling General And Administration": 216385000.0,
        "Gross Profit": 823746000.0,
        "Cost Of Revenue": 1197349000.0,
        "Total Revenue": 2021095000.0,
        "Operating Revenue": 2021095000.0
    },
    "2022-03-31": {
        "Diluted EPS": 0.69,
        "Total Revenue": NaN,
        "Gross Profit": 657,
        "Operating Income": 274,
        "EBIT": 493,
        "Net Income": 180
    },
    "2021-12-31": {
        "Diluted EPS": 0.63,
        "Total Revenue": NaN,
        "Gross Profit": 643,
        "Operating Income": 249,
        "EBIT": 465,
        "Net Income": 166
    },
    "2021-09-30": {
        "Diluted EPS": 0.44,
        "Total Revenue": NaN,
        "Gross Profit": 651,
        "Operating Income": 285,
        "EBIT": 494,
        "Net Income": 114
    },
    "2021-06-30": {
        "Diluted EPS": 0.68,
        "Total Revenue": NaN,
        "Gross Profit": 633,
        "Operating Income": 267,
        "EBIT": 470,
        "Net Income": 177
    },
    "2021-03-31": {
        "Diluted EPS": 0.61,
        "Total Revenue": NaN,
        "Gross Profit": 570,
        "Operating Income": 238,
        "EBIT": 429,
        "Net Income": 160
    },
    "2020-12-31": {
        "Diluted EPS": 0.5,
        "Total Revenue": NaN,
        "Gross Profit": 551,
        "Operating Income": 197,
        "EBIT": 395,
        "Net Income": 131
    },
    "2020-09-30": {
        "Diluted EPS": 0.6,
        "Total Revenue": NaN,
        "Gross Profit": 561,
        "Operating Income": 231,
        "EBIT": 422,
        "Net Income": 158
    },
    "2020-06-30": {
        "Diluted EPS": -0.86,
        "Total Revenue": NaN,
        "Gross Profit": 520,
        "Operating Income": -232,
        "EBIT": -48,
        "Net Income": -227
    },
    "2020-03-31": {
        "Diluted EPS": 0.54,
        "Total Revenue": NaN,
        "Gross Profit": 537,
        "Operating Income": 217,
        "EBIT": 403,
        "Net Income": 143
    },
    "2019-12-31": {
        "Diluted EPS": 0.5,
        "Total Revenue": NaN,
        "Gross Profit": 548,
        "Operating Income": 194,
        "EBIT": 366,
        "Net Income": 133
    },
    "2019-09-30": {
        "Diluted EPS": 0.6,
        "Total Revenue": NaN,
        "Gross Profit": 577,
        "Operating Income": 237,
        "EBIT": 448,
        "Net Income": 159
    },
    "2019-06-30": {
        "Diluted EPS": 0.56,
        "Total Revenue": NaN,
        "Gross Profit": 554,
        "Operating Income": 222,
        "EBIT": 402,
        "Net Income": 149
    },
    "2019-03-31": {
        "Diluted EPS": 0.48,
        "Total Revenue": NaN,
        "Gross Profit": 511,
        "Operating Income": 185,
        "EBIT": 371,
        "Net Income": 126
    },
    "2018-12-31": {
        "Diluted EPS": 0.51,
        "Total Revenue": NaN,
        "Gross Profit": 517,
        "Operating Income": 200,
        "EBIT": 381,
        "Net Income": 132
    },
    "2018-09-30": {
        "Diluted EPS": 0.57,
        "Total Revenue": NaN,
        "Gross Profit": 545,
        "Operating Income": 233,
        "EBIT": 406,
        "Net Income": 151
    },
    "2018-06-30": {
        "Diluted EPS": 0.52,
        "Total Revenue": NaN,
        "Gross Profit": 515,
        "Operating Income": 211,
        "EBIT": 381,
        "Net Income": 139
    },
    "2018-03-31": {
        "Diluted EPS": 0.47,
        "Total Revenue": NaN,
        "Gross Profit": 480,
        "Operating Income": 189,
        "EBIT": 349,
        "Net Income": 125
    },
    "2017-12-31": {
        "Diluted EPS": 1.18,
        "Total Revenue": NaN,
        "Gross Profit": 477,
        "Operating Income": 175,
        "EBIT": 332,
        "Net Income": 315
    },
    "2017-09-30": {
        "Diluted EPS": 0.47,
        "Total Revenue": NaN,
        "Gross Profit": 511,
        "Operating Income": 219,
        "EBIT": 383,
        "Net Income": 123
    },
    "2017-06-30": {
        "Diluted EPS": 0.47,
        "Total Revenue": NaN,
        "Gross Profit": 490,
        "Operating Income": 207,
        "EBIT": 366,
        "Net Income": 124
    },
    "2017-03-31": {
        "Diluted EPS": 0.06,
        "Total Revenue": NaN,
        "Gross Profit": 448,
        "Operating Income": 26,
        "EBIT": 178,
        "Net Income": 15
    },
    "2016-12-31": {
        "Diluted EPS": 0.36,
        "Total Revenue": NaN,
        "Gross Profit": 431,
        "Operating Income": 139,
        "EBIT": 284,
        "Net Income": 86
    },
    "2016-09-30": {
        "Diluted EPS": 0.34,
        "Total Revenue": NaN,
        "Gross Profit": 449,
        "Operating Income": 159,
        "EBIT": 312,
        "Net Income": 89
    },
    "2016-06-30": {
        "Diluted EPS": 0.13,
        "Total Revenue": 728,
        "Gross Profit": 311,
        "Operating Income": 63,
        "EBIT": 164,
        "Net Income": 27
    },
    "2016-03-31": {
        "Diluted EPS": 0.24,
        "Total Revenue": 515,
        "Gross Profit": 227,
        "Operating Income": 91,
        "EBIT": 160,
        "Net Income": 45
    },
    "2015-12-31": {
        "Diluted EPS": 0.58,
        "Total Revenue": 484,
        "Gross Profit": 202,
        "Operating Income": 66,
        "EBIT": 122,
        "Net Income": 46
    },
    "2015-09-30": {
        "Diluted EPS": -1.39,
        "Total Revenue": 548,
        "Gross Profit": 247,
        "Operating Income": -375,
        "EBIT": -306,
        "Net Income": -257
    },
    "2015-06-30": {
        "Diluted EPS": 0.31,
        "Total Revenue": 531,
        "Gross Profit": 234,
        "Operating Income": 110,
        "EBIT": 179,
        "Net Income": 57
    },
    "2015-03-31": {
        "Diluted EPS": 0.22,
        "Total Revenue": 460,
        "Gross Profit": 163,
        "Operating Income": 40,
        "EBIT": 104,
        "Net Income": 18
    },
    "2014-12-31": {
        "Diluted EPS": 0.24,
        "Total Revenue": 505,
        "Gross Profit": 304,
        "Operating Income": 212,
        "EBIT": 153,
        "Net Income": 19
    },
    "2014-09-30": {
        "Diluted EPS": 0.5,
        "Total Revenue": 521,
        "Gross Profit": 198,
        "Operating Income": 65,
        "EBIT": 137,
        "Net Income": 41
    },
    "2014-06-30": {
        "Diluted EPS": 0.5,
        "Total Revenue": 514,
        "Gross Profit": 192,
        "Operating Income": 58,
        "EBIT": 130,
        "Net Income": 41
    },
    "2014-03-31": {
        "Diluted EPS": 0.32,
        "Total Revenue": 470,
        "Gross Profit": 177,
        "Operating Income": 44,
        "EBIT": 112,
        "Net Income": 26
    },
    "2013-12-31": {
        "Diluted EPS": 0.43,
        "Total Revenue": 502,
        "Gross Profit": 192,
        "Operating Income": 58,
        "EBIT": 131,
        "Net Income": 36
    },
    "2013-09-30": {
        "Diluted EPS": 0.24,
        "Total Revenue": 521,
        "Gross Profit": 197,
        "Operating Income": 50,
        "EBIT": 128,
        "Net Income": 20
    },
    "2013-06-30": {
        "Diluted EPS": 0.39,
        "Total Revenue": 517,
        "Gross Profit": 198,
        "Operating Income": 59,
        "EBIT": 133,
        "Net Income": 32
    },
    "2013-03-31": {
        "Diluted EPS": 0.35,
        "Total Revenue": 487,
        "Gross Profit": 190,
        "Operating Income": 59,
        "EBIT": 130,
        "Net Income": 29
    },
    "2012-12-31": {
        "Diluted EPS": 0.14,
        "Total Revenue": 496,
        "Gross Profit": 191,
        "Operating Income": 59,
        "EBIT": 138,
        "Net Income": 12
    },
    "2012-09-30": {
        "Diluted EPS": 0.39,
        "Total Revenue": 487,
        "Gross Profit": 190,
        "Operating Income": 63,
        "EBIT": 126,
        "Net Income": 32
    },
    "2012-06-30": {
        "Diluted EPS": 0.33,
        "Total Revenue": 475,
        "Gross Profit": 189,
        "Operating Income": 65,
        "EBIT": 134,
        "Net Income": 28
    },
    "2012-03-31": {
        "Diluted EPS": 0.26,
        "Total Revenue": 438,
        "Gross Profit": 173,
        "Operating Income": 50,
        "EBIT": 114,
        "Net Income": 22
    },
    "2011-12-31": {
        "Diluted EPS": -3.43,
        "Total Revenue": 457,
        "Gross Profit": 184,
        "Operating Income": 67,
        "EBIT": 126,
        "Net Income": -296
    },
    "2011-09-30": {
        "Diluted EPS": 0.46,
        "Total Revenue": 491,
        "Gross Profit": 196,
        "Operating Income": 75,
        "EBIT": 145,
        "Net Income": 40
    },
    "2011-06-30": {
        "Diluted EPS": 0.42,
        "Total Revenue": 470,
        "Gross Profit": 190,
        "Operating Income": 73,
        "EBIT": 140,
        "Net Income": 37
    },
    "2011-03-31": {
        "Diluted EPS": 0.26,
        "Total Revenue": 423,
        "Gross Profit": 176,
        "Operating Income": 55,
        "EBIT": 117,
        "Net Income": 23
    },
    "2010-12-31": {
        "Diluted EPS": 0.25,
        "Total Revenue": 430,
        "Gross Profit": 175,
        "Operating Income": 56,
        "EBIT": 118,
        "Net Income": 22
    },
    "2010-09-30": {
        "Diluted EPS": 0.28,
        "Total Revenue": 436,
        "Gross Profit": 177,
        "Operating Income": 59,
        "EBIT": 121,
        "Net Income": 24
    },
    "2010-06-30": {
        "Diluted EPS": 0.29,
        "Total Revenue": 300,
        "Gross Profit": 125,
        "Operating Income": 41,
        "EBIT": 84,
        "Net Income": 20
    },
    "2010-03-31": {
        "Diluted EPS": 0.25,
        "Total Revenue": 264,
        "Gross Profit": 113,
        "Operating Income": 34,
        "EBIT": 73,
        "Net Income": 17
    },
    "2009-12-31": {
        "Diluted EPS": 0.15,
        "Total Revenue": 262,
        "Gross Profit": 110,
        "Operating Income": 33,
        "EBIT": 69,
        "Net Income": 10
    },
    "2009-09-30": {
        "Diluted EPS": 0.28,
        "Total Revenue": 268,
        "Gross Profit": 112,
        "Operating Income": 37,
        "EBIT": 79,
        "Net Income": 19
    },
    "2009-06-30": {
        "Diluted EPS": 0.25,
        "Total Revenue": 254,
        "Gross Profit": 105,
        "Operating Income": 31,
        "EBIT": 73,
        "Net Income": 15
    },
    "2009-03-31": {
        "Diluted EPS": 0.19,
        "Total Revenue": 224,
        "Gross Profit": 93,
        "Operating Income": 25,
        "EBIT": 63,
        "Net Income": 10
    },
    "2023-09-30": {
        "Tax Effect Of Unusual Items": -12173350.338506,
        "Tax Rate For Calcs": 0.215545,
        "Normalized EBITDA": 672031000.0,
        "Total Unusual Items": -56477000.0,
        "Total Unusual Items Excluding Goodwill": -56477000.0,
        "Net Income From Continuing Operation Net Minority Interest": 229026000.0,
        "Reconciled Depreciation": 254372000.0,
        "Reconciled Cost Of Revenue": 1204602000.0,
        "EBITDA": 615554000.0,
        "EBIT": 361182000.0,
        "Net Interest Income": -66183000.0,
        "Interest Expense": 69016000.0,
        "Interest Income": 2833000.0,
        "Normalized Income": 273329649.661494,
        "Net Income From Continuing And Discontinued Operation": 229026000.0,
        "Total Expenses": 1655290000.0,
        "Total Operating Income As Reported": 352977000.0,
        "Diluted Average Shares": 258229404.0,
        "Basic Average Shares": 257633703.0,
        "Diluted EPS": 0.89,
        "Basic EPS": 0.89,
        "Diluted NI Availto Com Stockholders": 229026000.0,
        "Net Income Common Stockholders": 229026000.0,
        "Net Income": 229026000.0,
        "Minority Interests": -165000.0,
        "Net Income Including Noncontrolling Interests": 229191000.0,
        "Net Income Continuous Operations": 229191000.0,
        "Tax Provision": 62975000.0,
        "Pretax Income": 292166000.0,
        "Other Income Expense": -51105000.0,
        "Other Non Operating Income Expenses": 5372000.0,
        "Special Income Charges": -56477000.0,
        "Write Off": 56477000.0,
        "Net Non Operating Interest Income Expense": -66183000.0,
        "Interest Expense Non Operating": 69016000.0,
        "Interest Income Non Operating": 2833000.0,
        "Operating Income": 409454000.0,
        "Operating Expense": 450687000.0,
        "Depreciation Amortization Depletion Income Statement": 254371000.0,
        "Depreciation And Amortization In Income Statement": 254371000.0,
        "Amortization": 39405000.0,
        "Amortization Of Intangibles Income Statement": 39405000.0,
        "Depreciation Income Statement": 214966000.0,
        "Selling General And Administration": 196316000.0,
        "Gross Profit": 860141000.0,
        "Cost Of Revenue": 1204603000.0,
        "Total Revenue": 2064744000.0,
        "Operating Revenue": 2064744000.0
    }
}