{
    "2023-04-30": {
        "Tax Effect Of Unusual Items": NaN,
        "Tax Rate For Calcs": NaN,
        "Normalized EBITDA": NaN,
        "Total Unusual Items": NaN,
        "Total Unusual Items Excluding Goodwill": NaN,
        "Net Income From Continuing Operation Net Minority Interest": NaN,
        "Reconciled Depreciation": NaN,
        "Reconciled Cost Of Revenue": NaN,
        "EBITDA": NaN,
        "EBIT": NaN,
        "Net Interest Income": NaN,
        "Interest Expense": NaN,
        "Interest Income": NaN,
        "Normalized Income": NaN,
        "Net Income From Continuing And Discontinued Operation": NaN,
        "Total Expenses": NaN,
        "Total Operating Income As Reported": NaN,
        "Diluted Average Shares": NaN,
        "Basic Average Shares": NaN,
        "Diluted EPS": NaN,
        "Basic EPS": NaN,
        "Diluted NI Availto Com Stockholders": NaN,
        "Average Dilution Earnings": 0.0,
        "Net Income Common Stockholders": NaN,
        "Net Income": NaN,
        "Net Income Including Noncontrolling Interests": NaN,
        "Net Income Continuous Operations": NaN,
        "Tax Provision": NaN,
        "Pretax Income": NaN,
        "Other Income Expense": NaN,
        "Other Non Operating Income Expenses": NaN,
        "Gain On Sale Of Security": NaN,
        "Net Non Operating Interest Income Expense": NaN,
        "Interest Expense Non Operating": NaN,
        "Interest Income Non Operating": NaN,
        "Operating Income": NaN,
        "Operating Expense": NaN,
        "Research And Development": NaN,
        "Selling General And Administration": NaN,
        "Selling And Marketing Expense": NaN,
        "General And Administrative Expense": NaN,
        "Other Gand A": NaN,
        "Gross Profit": NaN,
        "Cost Of Revenue": NaN,
        "Total Revenue": NaN,
        "Operating Revenue": NaN
    },
    "2023-01-31": {
        "Tax Effect Of Unusual Items": 0.0,
        "Tax Rate For Calcs": 0.21,
        "Normalized EBITDA": 40592000.0,
        "Total Unusual Items": NaN,
        "Total Unusual Items Excluding Goodwill": NaN,
        "Net Income From Continuing Operation Net Minority Interest": -125697000.0,
        "Reconciled Depreciation": 89962000.0,
        "Reconciled Cost Of Revenue": 453479000.0,
        "EBITDA": 40592000.0,
        "EBIT": -49370000.0,
        "Net Interest Income": 18687000.0,
        "Interest Expense": 28549000.0,
        "Interest Income": 47236000.0,
        "Normalized Income": -125697000.0,
        "Net Income From Continuing And Discontinued Operation": -125697000.0,
        "Total Expenses": 1735218000.0,
        "Total Operating Income As Reported": -88958000.0,
        "Diluted Average Shares": 257322000.0,
        "Basic Average Shares": 257322000.0,
        "Diluted EPS": -0.49,
        "Basic EPS": -0.49,
        "Diluted NI Availto Com Stockholders": -125697000.0,
        "Average Dilution Earnings": NaN,
        "Net Income Common Stockholders": -125697000.0,
        "Net Income": -125697000.0,
        "Net Income Including Noncontrolling Interests": -125697000.0,
        "Net Income Continuous Operations": -125697000.0,
        "Tax Provision": 47778000.0,
        "Pretax Income": -77919000.0,
        "Other Income Expense": -7648000.0,
        "Other Non Operating Income Expenses": -7648000.0,
        "Gain On Sale Of Security": NaN,
        "Net Non Operating Interest Income Expense": 18687000.0,
        "Interest Expense Non Operating": 28549000.0,
        "Interest Income Non Operating": 47236000.0,
        "Operating Income": -88958000.0,
        "Operating Expense": 1281739000.0,
        "Research And Development": 615589000.0,
        "Selling General And Administration": 666150000.0,
        "Selling And Marketing Expense": 489895000.0,
        "General And Administrative Expense": 176255000.0,
        "Other Gand A": 176255000.0,
        "Gross Profit": 1192781000.0,
        "Cost Of Revenue": 453479000.0,
        "Total Revenue": 1646260000.0,
        "Operating Revenue": 1646260000.0
    },
    "2022-10-31": {
        "Tax Effect Of Unusual Items": NaN,
        "Tax Rate For Calcs": NaN,
        "Normalized EBITDA": NaN,
        "Total Unusual Items": 4359000.0,
        "Total Unusual Items Excluding Goodwill": 4359000.0,
        "Net Income From Continuing Operation Net Minority Interest": NaN,
        "Reconciled Depreciation": NaN,
        "Reconciled Cost Of Revenue": NaN,
        "EBITDA": NaN,
        "EBIT": NaN,
        "Net Interest Income": NaN,
        "Interest Expense": NaN,
        "Interest Income": NaN,
        "Normalized Income": NaN,
        "Net Income From Continuing And Discontinued Operation": NaN,
        "Total Expenses": NaN,
        "Total Operating Income As Reported": NaN,
        "Diluted Average Shares": NaN,
        "Basic Average Shares": NaN,
        "Diluted EPS": NaN,
        "Basic EPS": NaN,
        "Diluted NI Availto Com Stockholders": NaN,
        "Average Dilution Earnings": 0.0,
        "Net Income Common Stockholders": NaN,
        "Net Income": NaN,
        "Net Income Including Noncontrolling Interests": NaN,
        "Net Income Continuous Operations": NaN,
        "Tax Provision": NaN,
        "Pretax Income": NaN,
        "Other Income Expense": NaN,
        "Other Non Operating Income Expenses": NaN,
        "Gain On Sale Of Security": 4359000.0,
        "Net Non Operating Interest Income Expense": NaN,
        "Interest Expense Non Operating": NaN,
        "Interest Income Non Operating": NaN,
        "Operating Income": NaN,
        "Operating Expense": NaN,
        "Research And Development": NaN,
        "Selling General And Administration": NaN,
        "Selling And Marketing Expense": NaN,
        "General And Administrative Expense": NaN,
        "Other Gand A": NaN,
        "Gross Profit": NaN,
        "Cost Of Revenue": NaN,
        "Total Revenue": NaN,
        "Operating Revenue": NaN
    },
    "2022-07-31": {
        "Tax Effect Of Unusual Items": 0.0,
        "Tax Rate For Calcs": 0.040513,
        "Normalized EBITDA": 55988000.0,
        "Net Income From Continuing Operation Net Minority Interest": -64158000.0,
        "Reconciled Depreciation": 92695000.0,
        "Reconciled Cost Of Revenue": 423085000.0,
        "EBITDA": 55988000.0,
        "EBIT": -36707000.0,
        "Net Interest Income": -14946000.0,
        "Interest Expense": 30160000.0,
        "Interest Income": 15214000.0,
        "Normalized Income": -64158000.0,
        "Net Income From Continuing And Discontinued Operation": -64158000.0,
        "Total Expenses": 1569876000.0,
        "Total Operating Income As Reported": -34078000.0,
        "Diluted Average Shares": 254355000.0,
        "Basic Average Shares": 254355000.0,
        "Diluted EPS": -0.25,
        "Basic EPS": -0.25,
        "Diluted NI Availto Com Stockholders": -64158000.0,
        "Net Income Common Stockholders": -64158000.0,
        "Net Income": -64158000.0,
        "Net Income Including Noncontrolling Interests": -64158000.0,
        "Net Income Continuous Operations": -64158000.0,
        "Tax Provision": -2709000.0,
        "Pretax Income": -66867000.0,
        "Other Income Expense": -17843000.0,
        "Other Non Operating Income Expenses": -17843000.0,
        "Net Non Operating Interest Income Expense": -14946000.0,
        "Interest Expense Non Operating": 30160000.0,
        "Interest Income Non Operating": 15214000.0,
        "Operating Income": -34078000.0,
        "Operating Expense": 1146791000.0,
        "Research And Development": 547835000.0,
        "Selling General And Administration": 598956000.0,
        "Selling And Marketing Expense": 458701000.0,
        "General And Administrative Expense": 140255000.0,
        "Other Gand A": 140255000.0,
        "Gross Profit": 1112713000.0,
        "Cost Of Revenue": 423085000.0,
        "Total Revenue": 1535798000.0,
        "Operating Revenue": 1535798000.0
    },
    "2022-04-30": {
        "Diluted EPS": -0.41,
        "Total Revenue": NaN,
        "Gross Profit": NaN,
        "Operating Income": -73,
        "EBIT": 56,
        "Net Income": -102
    },
    "2022-01-31": {
        "Diluted EPS": -0.27,
        "Total Revenue": NaN,
        "Gross Profit": 986,
        "Operating Income": -101,
        "EBIT": 30,
        "Net Income": -73
    },
    "2021-10-31": {
        "Diluted EPS": 0.17,
        "Total Revenue": NaN,
        "Gross Profit": 968,
        "Operating Income": 24,
        "EBIT": 147,
        "Net Income": 43
    },
    "2021-07-31": {
        "Diluted EPS": 0.41,
        "Total Revenue": NaN,
        "Gross Profit": 915,
        "Operating Income": -1,
        "EBIT": 118,
        "Net Income": 106
    },
    "2021-04-30": {
        "Diluted EPS": -0.19,
        "Total Revenue": NaN,
        "Gross Profit": 842,
        "Operating Income": -38,
        "EBIT": 76,
        "Net Income": -47
    },
    "2021-01-31": {
        "Diluted EPS": -0.29,
        "Total Revenue": NaN,
        "Gross Profit": 819,
        "Operating Income": -73,
        "EBIT": 45,
        "Net Income": -72
    },
    "2020-10-31": {
        "Diluted EPS": -0.1,
        "Total Revenue": NaN,
        "Gross Profit": 811,
        "Operating Income": -14,
        "EBIT": 101,
        "Net Income": -24
    },
    "2020-07-31": {
        "Diluted EPS": -0.12,
        "Total Revenue": NaN,
        "Gross Profit": 778,
        "Operating Income": -17,
        "EBIT": 98,
        "Net Income": -28
    },
    "2020-04-30": {
        "Diluted EPS": -0.68,
        "Total Revenue": NaN,
        "Gross Profit": 713,
        "Operating Income": -144,
        "EBIT": -32,
        "Net Income": -158
    },
    "2020-01-31": {
        "Diluted EPS": -0.56,
        "Total Revenue": 976,
        "Gross Profit": 692,
        "Operating Income": -146,
        "EBIT": -32,
        "Net Income": -128
    },
    "2019-10-31": {
        "Diluted EPS": -0.51,
        "Total Revenue": 938,
        "Gross Profit": 667,
        "Operating Income": -110,
        "EBIT": -1,
        "Net Income": -116
    },
    "2019-07-31": {
        "Diluted EPS": -0.53,
        "Total Revenue": 888,
        "Gross Profit": 621,
        "Operating Income": -122,
        "EBIT": -18,
        "Net Income": -121
    },
    "2019-04-30": {
        "Diluted EPS": -0.52,
        "Total Revenue": 825,
        "Gross Profit": 582,
        "Operating Income": -123,
        "EBIT": -30,
        "Net Income": -116
    },
    "2019-01-31": {
        "Diluted EPS": -0.48,
        "Total Revenue": 789,
        "Gross Profit": 555,
        "Operating Income": -120,
        "EBIT": -29,
        "Net Income": -104
    },
    "2018-10-31": {
        "Diluted EPS": -0.7,
        "Total Revenue": 743,
        "Gross Profit": 520,
        "Operating Income": -183,
        "EBIT": -95,
        "Net Income": -153
    },
    "2018-07-31": {
        "Diluted EPS": -0.4,
        "Total Revenue": 672,
        "Gross Profit": 471,
        "Operating Income": -89,
        "EBIT": -12,
        "Net Income": -86
    },
    "2018-04-30": {
        "Diluted EPS": -0.35,
        "Total Revenue": 619,
        "Gross Profit": 441,
        "Operating Income": -71,
        "EBIT": 2,
        "Net Income": -74
    },
    "2018-01-31": {
        "Diluted EPS": -0.43,
        "Total Revenue": 582,
        "Gross Profit": 412,
        "Operating Income": -81,
        "EBIT": -12,
        "Net Income": -89
    },
    "2017-10-31": {
        "Diluted EPS": -0.41,
        "Total Revenue": 555,
        "Gross Profit": 392,
        "Operating Income": -80,
        "EBIT": -19,
        "Net Income": -86
    },
    "2017-07-31": {
        "Diluted EPS": -0.4,
        "Total Revenue": 525,
        "Gross Profit": 367,
        "Operating Income": -82,
        "EBIT": -27,
        "Net Income": -83
    },
    "2017-04-30": {
        "Diluted EPS": -0.31,
        "Total Revenue": 480,
        "Gross Profit": 343,
        "Operating Income": -60,
        "EBIT": -8,
        "Net Income": -64
    },
    "2017-01-31": {
        "Diluted EPS": -0.41,
        "Total Revenue": 442,
        "Gross Profit": 312,
        "Operating Income": -83,
        "EBIT": -26,
        "Net Income": -82
    },
    "2016-10-31": {
        "Diluted EPS": -0.57,
        "Total Revenue": 410,
        "Gross Profit": 283,
        "Operating Income": -110,
        "EBIT": -66,
        "Net Income": -114
    },
    "2016-07-31": {
        "Diluted EPS": -0.55,
        "Total Revenue": 378,
        "Gross Profit": 260,
        "Operating Income": -87,
        "EBIT": -47,
        "Net Income": -108
    },
    "2016-04-30": {
        "Diluted EPS": -0.41,
        "Total Revenue": 345,
        "Gross Profit": 237,
        "Operating Income": -74,
        "EBIT": -35,
        "Net Income": -81
    },
    "2016-01-31": {
        "Diluted EPS": -0.34,
        "Total Revenue": 318,
        "Gross Profit": 215,
        "Operating Income": -59,
        "EBIT": -9,
        "Net Income": -66
    },
    "2015-10-31": {
        "Diluted EPS": -0.41,
        "Total Revenue": 305,
        "Gross Profit": 204,
        "Operating Income": -70,
        "EBIT": -36,
        "Net Income": -78
    },
    "2015-07-31": {
        "Diluted EPS": -0.37,
        "Total Revenue": 283,
        "Gross Profit": 191,
        "Operating Income": -68,
        "EBIT": -34,
        "Net Income": -69
    },
    "2015-04-30": {
        "Diluted EPS": -0.33,
        "Total Revenue": 251,
        "Gross Profit": 173,
        "Operating Income": -53,
        "EBIT": -24,
        "Net Income": -62
    },
    "2015-01-31": {
        "Diluted EPS": -0.32,
        "Total Revenue": 226,
        "Gross Profit": 156,
        "Operating Income": -50,
        "EBIT": -23,
        "Net Income": -59
    },
    "2014-10-31": {
        "Diluted EPS": -0.33,
        "Total Revenue": 215,
        "Gross Profit": 143,
        "Operating Income": -51,
        "EBIT": -24,
        "Net Income": -60
    },
    "2014-07-31": {
        "Diluted EPS": -0.38,
        "Total Revenue": 187,
        "Gross Profit": 121,
        "Operating Income": -62,
        "EBIT": -37,
        "Net Income": -69
    },
    "2014-04-30": {
        "Diluted EPS": -0.32,
        "Total Revenue": 160,
        "Gross Profit": 102,
        "Operating Income": -52,
        "EBIT": -30,
        "Net Income": -59
    },
    "2014-01-31": {
        "Diluted EPS": -0.33,
        "Total Revenue": 142,
        "Gross Profit": 91,
        "Operating Income": -48,
        "EBIT": -28,
        "Net Income": -56
    },
    "2013-10-31": {
        "Diluted EPS": -0.27,
        "Total Revenue": 128,
        "Gross Profit": 79,
        "Operating Income": -40,
        "EBIT": -22,
        "Net Income": -48
    },
    "2013-07-31": {
        "Diluted EPS": -0.21,
        "Total Revenue": 108,
        "Gross Profit": 67,
        "Operating Income": -32,
        "EBIT": -19,
        "Net Income": -36
    },
    "2013-04-30": {
        "Diluted EPS": -0.2,
        "Total Revenue": 92,
        "Gross Profit": 55,
        "Operating Income": -33,
        "EBIT": -24,
        "Net Income": -33
    },
    "2013-01-31": {
        "Diluted EPS": 0.44,
        "Total Revenue": 82,
        "Gross Profit": 49,
        "Operating Income": -31,
        "EBIT": -22,
        "Net Income": -31
    },
    "2012-10-31": {
        "Diluted EPS": -0.67,
        "Total Revenue": 73,
        "Gross Profit": 42,
        "Operating Income": -41,
        "EBIT": -34,
        "Net Income": -41
    },
    "2012-07-31": {
        "Diluted EPS": -0.78,
        "Total Revenue": 63,
        "Gross Profit": 34,
        "Operating Income": -26,
        "EBIT": -20,
        "Net Income": -27
    },
    "2012-04-30": {
        "Diluted EPS": -0.61,
        "Total Revenue": 57,
        "Gross Profit": 32,
        "Operating Income": -20,
        "EBIT": -13,
        "Net Income": -20
    },
    "2012-01-31": {
        "Diluted EPS": 0.0,
        "Total Revenue": NaN,
        "Gross Profit": NaN,
        "Operating Income": NaN,
        "EBIT": NaN,
        "Net Income": NaN
    },
    "2011-10-31": {
        "Diluted EPS": -0.66,
        "Total Revenue": 36,
        "Gross Profit": 19,
        "Operating Income": -19,
        "EBIT": -19,
        "Net Income": -20
    },
    "2011-01-31": {
        "Diluted EPS": 0.0,
        "Total Revenue": NaN,
        "Gross Profit": NaN,
        "Operating Income": NaN,
        "EBIT": NaN,
        "Net Income": NaN
    },
    "2010-01-31": {
        "Diluted EPS": 0.0,
        "Total Revenue": NaN,
        "Gross Profit": NaN,
        "Operating Income": NaN,
        "EBIT": NaN,
        "Net Income": NaN
    },
    "2023-07-31": {
        "Tax Effect Of Unusual Items": NaN,
        "Tax Rate For Calcs": NaN,
        "Normalized EBITDA": NaN,
        "Total Unusual Items": NaN,
        "Total Unusual Items Excluding Goodwill": NaN,
        "Net Income From Continuing Operation Net Minority Interest": NaN,
        "Reconciled Depreciation": NaN,
        "Reconciled Cost Of Revenue": NaN,
        "EBITDA": NaN,
        "EBIT": NaN,
        "Net Interest Income": NaN,
        "Interest Expense": NaN,
        "Interest Income": NaN,
        "Normalized Income": NaN,
        "Net Income From Continuing And Discontinued Operation": NaN,
        "Total Expenses": NaN,
        "Total Operating Income As Reported": NaN,
        "Diluted Average Shares": NaN,
        "Basic Average Shares": NaN,
        "Diluted EPS": NaN,
        "Basic EPS": NaN,
        "Diluted NI Availto Com Stockholders": NaN,
        "Average Dilution Earnings": 0.0,
        "Net Income Common Stockholders": NaN,
        "Net Income": NaN,
        "Net Income Including Noncontrolling Interests": NaN,
        "Net Income Continuous Operations": NaN,
        "Tax Provision": NaN,
        "Pretax Income": NaN,
        "Other Income Expense": NaN,
        "Other Non Operating Income Expenses": NaN,
        "Gain On Sale Of Security": NaN,
        "Net Non Operating Interest Income Expense": NaN,
        "Interest Expense Non Operating": NaN,
        "Interest Income Non Operating": NaN,
        "Operating Income": NaN,
        "Operating Expense": NaN,
        "Research And Development": NaN,
        "Selling General And Administration": NaN,
        "Selling And Marketing Expense": NaN,
        "General And Administrative Expense": NaN,
        "Other Gand A": NaN,
        "Gross Profit": NaN,
        "Cost Of Revenue": NaN,
        "Total Revenue": NaN,
        "Operating Revenue": NaN
    },
    "2023-10-31": {
        "Tax Effect Of Unusual Items": 0.0,
        "Tax Rate For Calcs": 0.116279,
        "Normalized EBITDA": 227000000.0,
        "Total Unusual Items": -14369000.0,
        "Total Unusual Items Excluding Goodwill": -14369000.0,
        "Net Income From Continuing Operation Net Minority Interest": 114000000.0,
        "Reconciled Depreciation": 69000000.0,
        "Reconciled Cost Of Revenue": 445000000.0,
        "EBITDA": 227000000.0,
        "EBIT": 158000000.0,
        "Net Interest Income": 51000000.0,
        "Interest Expense": 29000000.0,
        "Interest Income": 80000000.0,
        "Normalized Income": 114000000.0,
        "Net Income From Continuing And Discontinued Operation": 114000000.0,
        "Total Expenses": 1778000000.0,
        "Total Operating Income As Reported": 88000000.0,
        "Diluted Average Shares": 266377000.0,
        "Basic Average Shares": 262153000.0,
        "Diluted EPS": 0.43,
        "Basic EPS": 0.43,
        "Diluted NI Availto Com Stockholders": 114000000.0,
        "Average Dilution Earnings": 0.0,
        "Net Income Common Stockholders": 114000000.0,
        "Net Income": 114000000.0,
        "Net Income Including Noncontrolling Interests": 114000000.0,
        "Net Income Continuous Operations": 114000000.0,
        "Tax Provision": 15000000.0,
        "Pretax Income": 129000000.0,
        "Other Income Expense": -10000000.0,
        "Other Non Operating Income Expenses": -10000000.0,
        "Gain On Sale Of Security": -14369000.0,
        "Net Non Operating Interest Income Expense": 51000000.0,
        "Interest Expense Non Operating": 29000000.0,
        "Interest Income Non Operating": 80000000.0,
        "Operating Income": 88000000.0,
        "Operating Expense": 1333000000.0,
        "Research And Development": 619000000.0,
        "Selling General And Administration": 714000000.0,
        "Selling And Marketing Expense": 538000000.0,
        "General And Administrative Expense": 176000000.0,
        "Other Gand A": 176000000.0,
        "Gross Profit": 1421000000.0,
        "Cost Of Revenue": 445000000.0,
        "Total Revenue": 1866000000.0,
        "Operating Revenue": 1866000000.0
    },
    "2024-01-31": {
        "Tax Effect Of Unusual Items": 0.0,
        "Tax Rate For Calcs": 0.21,
        "Normalized EBITDA": 237949000.0,
        "Total Unusual Items": NaN,
        "Total Unusual Items Excluding Goodwill": NaN,
        "Net Income From Continuing Operation Net Minority Interest": 1188495000.0,
        "Reconciled Depreciation": 71530000.0,
        "Reconciled Cost Of Revenue": 460216000.0,
        "EBITDA": 237949000.0,
        "EBIT": 166419000.0,
        "Net Interest Income": 58349000.0,
        "Interest Expense": 28383000.0,
        "Interest Income": 86732000.0,
        "Normalized Income": 1188495000.0,
        "Net Income From Continuing And Discontinued Operation": 1188495000.0,
        "Total Expenses": 1843559000.0,
        "Total Operating Income As Reported": 78688000.0,
        "Diluted Average Shares": 268843000.0,
        "Basic Average Shares": 263102000.0,
        "Diluted EPS": 4.42,
        "Basic EPS": 4.52,
        "Diluted NI Availto Com Stockholders": 1188495000.0,
        "Average Dilution Earnings": NaN,
        "Net Income Common Stockholders": 1188495000.0,
        "Net Income": 1188495000.0,
        "Net Income Including Noncontrolling Interests": 1188495000.0,
        "Net Income Continuous Operations": 1188495000.0,
        "Tax Provision": -1050459000.0,
        "Pretax Income": 138036000.0,
        "Other Income Expense": 999000.0,
        "Other Non Operating Income Expenses": 999000.0,
        "Gain On Sale Of Security": NaN,
        "Net Non Operating Interest Income Expense": 58349000.0,
        "Interest Expense Non Operating": 28383000.0,
        "Interest Income Non Operating": 86732000.0,
        "Operating Income": 78688000.0,
        "Operating Expense": 1383343000.0,
        "Research And Development": 635130000.0,
        "Selling General And Administration": 748213000.0,
        "Selling And Marketing Expense": 558361000.0,
        "General And Administrative Expense": 189852000.0,
        "Other Gand A": 189852000.0,
        "Gross Profit": 1462031000.0,
        "Cost Of Revenue": 460216000.0,
        "Total Revenue": 1922247000.0,
        "Operating Revenue": 1922247000.0
    },
    "2024-04-30": {
        "Tax Effect Of Unusual Items": 0.0,
        "Tax Rate For Calcs": 0.130081,
        "Normalized EBITDA": 227000000.0,
        "Total Unusual Items": NaN,
        "Total Unusual Items Excluding Goodwill": NaN,
        "Net Income From Continuing Operation Net Minority Interest": 107000000.0,
        "Reconciled Depreciation": 75000000.0,
        "Reconciled Cost Of Revenue": 489000000.0,
        "EBITDA": 227000000.0,
        "EBIT": 152000000.0,
        "Net Interest Income": 64000000.0,
        "Interest Expense": 29000000.0,
        "Interest Income": 93000000.0,
        "Normalized Income": 107000000.0,
        "Net Income From Continuing And Discontinued Operation": 107000000.0,
        "Total Expenses": 1926000000.0,
        "Total Operating Income As Reported": 64000000.0,
        "Diluted Average Shares": 270298000.0,
        "Basic Average Shares": 264444000.0,
        "Diluted EPS": 0.4,
        "Basic EPS": 0.4,
        "Diluted NI Availto Com Stockholders": 107000000.0,
        "Average Dilution Earnings": 0.0,
        "Net Income Common Stockholders": 107000000.0,
        "Net Income": 107000000.0,
        "Net Income Including Noncontrolling Interests": 107000000.0,
        "Net Income Continuous Operations": 107000000.0,
        "Tax Provision": 16000000.0,
        "Pretax Income": 123000000.0,
        "Other Income Expense": -5000000.0,
        "Other Non Operating Income Expenses": -5000000.0,
        "Gain On Sale Of Security": NaN,
        "Net Non Operating Interest Income Expense": 64000000.0,
        "Interest Expense Non Operating": 29000000.0,
        "Interest Income Non Operating": 93000000.0,
        "Operating Income": 64000000.0,
        "Operating Expense": 1437000000.0,
        "Research And Development": 656000000.0,
        "Selling General And Administration": 781000000.0,
        "Selling And Marketing Expense": 573000000.0,
        "General And Administrative Expense": 208000000.0,
        "Other Gand A": 208000000.0,
        "Gross Profit": 1501000000.0,
        "Cost Of Revenue": 489000000.0,
        "Total Revenue": 1990000000.0,
        "Operating Revenue": 1990000000.0
    },
    "2024-07-31": {
        "Tax Effect Of Unusual Items": 0.0,
        "Tax Rate For Calcs": 0.214286,
        "Normalized EBITDA": 275000000.0,
        "Total Unusual Items": NaN,
        "Total Unusual Items Excluding Goodwill": NaN,
        "Net Income From Continuing Operation Net Minority Interest": 132000000.0,
        "Reconciled Depreciation": 79000000.0,
        "Reconciled Cost Of Revenue": 511000000.0,
        "EBITDA": 275000000.0,
        "EBIT": 196000000.0,
        "Net Interest Income": 60000000.0,
        "Interest Expense": 28000000.0,
        "Interest Income": 88000000.0,
        "Normalized Income": 132000000.0,
        "Net Income From Continuing And Discontinued Operation": 132000000.0,
        "Total Expenses": 1974000000.0,
        "Total Operating Income As Reported": 111000000.0,
        "Diluted Average Shares": 267949000.0,
        "Basic Average Shares": 265317000.0,
        "Diluted EPS": 0.49,
        "Basic EPS": 0.5,
        "Diluted NI Availto Com Stockholders": 132000000.0,
        "Average Dilution Earnings": NaN,
        "Net Income Common Stockholders": 132000000.0,
        "Net Income": 132000000.0,
        "Net Income Including Noncontrolling Interests": 132000000.0,
        "Net Income Continuous Operations": 132000000.0,
        "Tax Provision": 36000000.0,
        "Pretax Income": 168000000.0,
        "Other Income Expense": -3000000.0,
        "Other Non Operating Income Expenses": -3000000.0,
        "Gain On Sale Of Security": NaN,
        "Net Non Operating Interest Income Expense": 60000000.0,
        "Interest Expense Non Operating": 28000000.0,
        "Interest Income Non Operating": 88000000.0,
        "Operating Income": 111000000.0,
        "Operating Expense": 1463000000.0,
        "Research And Development": 649000000.0,
        "Selling General And Administration": 814000000.0,
        "Selling And Marketing Expense": 611000000.0,
        "General And Administrative Expense": 203000000.0,
        "Other Gand A": 203000000.0,
        "Gross Profit": 1574000000.0,
        "Cost Of Revenue": 511000000.0,
        "Total Revenue": 2085000000.0,
        "Operating Revenue": 2085000000.0
    },
    "2024-10-31": {
        "Tax Effect Of Unusual Items": 0.0,
        "Tax Rate For Calcs": 0.14978,
        "Normalized EBITDA": 337000000.0,
        "Total Unusual Items": NaN,
        "Total Unusual Items Excluding Goodwill": NaN,
        "Net Income From Continuing Operation Net Minority Interest": 193000000.0,
        "Reconciled Depreciation": 81000000.0,
        "Reconciled Cost Of Revenue": 530000000.0,
        "EBITDA": 337000000.0,
        "EBIT": 256000000.0,
        "Net Interest Income": 57000000.0,
        "Interest Expense": 29000000.0,
        "Interest Income": 86000000.0,
        "Normalized Income": 193000000.0,
        "Net Income From Continuing And Discontinued Operation": 193000000.0,
        "Total Expenses": 1995000000.0,
        "Total Operating Income As Reported": 165000000.0,
        "Diluted Average Shares": 268549000.0,
        "Basic Average Shares": 265411000.0,
        "Diluted EPS": 0.72,
        "Basic EPS": 0.73,
        "Diluted NI Availto Com Stockholders": 193000000.0,
        "Average Dilution Earnings": NaN,
        "Net Income Common Stockholders": 193000000.0,
        "Net Income": 193000000.0,
        "Net Income Including Noncontrolling Interests": 193000000.0,
        "Net Income Continuous Operations": 193000000.0,
        "Tax Provision": 34000000.0,
        "Pretax Income": 227000000.0,
        "Other Income Expense": 5000000.0,
        "Other Non Operating Income Expenses": 5000000.0,
        "Gain On Sale Of Security": NaN,
        "Net Non Operating Interest Income Expense": 57000000.0,
        "Interest Expense Non Operating": 29000000.0,
        "Interest Income Non Operating": 86000000.0,
        "Operating Income": 165000000.0,
        "Operating Expense": 1465000000.0,
        "Research And Development": 647000000.0,
        "Selling General And Administration": 818000000.0,
        "Selling And Marketing Expense": 620000000.0,
        "General And Administrative Expense": 198000000.0,
        "Other Gand A": 198000000.0,
        "Gross Profit": 1630000000.0,
        "Cost Of Revenue": 530000000.0,
        "Total Revenue": 2160000000.0,
        "Operating Revenue": 2160000000.0
    }
}