{
    "2023-05-31": {
        "Tax Effect Of Unusual Items": NaN,
        "Tax Rate For Calcs": NaN,
        "Normalized EBITDA": NaN,
        "Net Income From Continuing Operation Net Minority Interest": NaN,
        "Reconciled Depreciation": NaN,
        "Reconciled Cost Of Revenue": NaN,
        "EBITDA": NaN,
        "EBIT": NaN,
        "Net Interest Income": NaN,
        "Interest Expense": NaN,
        "Interest Income": NaN,
        "Normalized Income": NaN,
        "Net Income From Continuing And Discontinued Operation": NaN,
        "Total Expenses": NaN,
        "Total Operating Income As Reported": NaN,
        "Diluted Average Shares": 13600000.0,
        "Basic Average Shares": 13573000.0,
        "Diluted EPS": 1.38,
        "Basic EPS": 1.39,
        "Diluted NI Availto Com Stockholders": NaN,
        "Net Income Common Stockholders": NaN,
        "Otherunder Preferred Stock Dividend": NaN,
        "Net Income": NaN,
        "Net Income Including Noncontrolling Interests": NaN,
        "Net Income Continuous Operations": NaN,
        "Tax Provision": NaN,
        "Pretax Income": NaN,
        "Other Income Expense": NaN,
        "Other Non Operating Income Expenses": NaN,
        "Net Non Operating Interest Income Expense": NaN,
        "Interest Expense Non Operating": NaN,
        "Interest Income Non Operating": NaN,
        "Operating Income": NaN,
        "Operating Expense": NaN,
        "Depreciation Amortization Depletion Income Statement": NaN,
        "Depreciation And Amortization In Income Statement": NaN,
        "Amortization": NaN,
        "Amortization Of Intangibles Income Statement": NaN,
        "Selling General And Administration": NaN,
        "Selling And Marketing Expense": NaN,
        "General And Administrative Expense": NaN,
        "Other Gand A": NaN,
        "Gross Profit": NaN,
        "Cost Of Revenue": NaN,
        "Total Revenue": NaN,
        "Operating Revenue": NaN
    },
    "2023-02-28": {
        "Tax Effect Of Unusual Items": 0.0,
        "Tax Rate For Calcs": 0.208,
        "Normalized EBITDA": 24337000.0,
        "Net Income From Continuing Operation Net Minority Interest": 16526000.0,
        "Reconciled Depreciation": 1968000.0,
        "Reconciled Cost Of Revenue": 62397000.0,
        "EBITDA": 24337000.0,
        "EBIT": 22369000.0,
        "Net Interest Income": -1451000.0,
        "Interest Expense": 1502000.0,
        "Interest Income": 51000.0,
        "Normalized Income": 16526000.0,
        "Net Income From Continuing And Discontinued Operation": 16526000.0,
        "Total Expenses": 108040000.0,
        "Total Operating Income As Reported": 22153000.0,
        "Diluted Average Shares": 13608000.0,
        "Basic Average Shares": 13583000.0,
        "Diluted EPS": 1.21,
        "Basic EPS": 1.21,
        "Diluted NI Availto Com Stockholders": 16455000.0,
        "Net Income Common Stockholders": 16455000.0,
        "Otherunder Preferred Stock Dividend": 71000.0,
        "Net Income": 16526000.0,
        "Net Income Including Noncontrolling Interests": 16526000.0,
        "Net Income Continuous Operations": 16526000.0,
        "Tax Provision": 4341000.0,
        "Pretax Income": 20867000.0,
        "Other Income Expense": 165000.0,
        "Other Non Operating Income Expenses": 165000.0,
        "Net Non Operating Interest Income Expense": -1451000.0,
        "Interest Expense Non Operating": 1502000.0,
        "Interest Income Non Operating": 51000.0,
        "Operating Income": 22153000.0,
        "Operating Expense": 43925000.0,
        "Depreciation Amortization Depletion Income Statement": 250000.0,
        "Depreciation And Amortization In Income Statement": 250000.0,
        "Amortization": 250000.0,
        "Amortization Of Intangibles Income Statement": 250000.0,
        "Selling General And Administration": 43675000.0,
        "Selling And Marketing Expense": 5985000.0,
        "General And Administrative Expense": 37690000.0,
        "Other Gand A": 37690000.0,
        "Gross Profit": 66078000.0,
        "Cost Of Revenue": 64115000.0,
        "Total Revenue": 130193000.0,
        "Operating Revenue": 130193000.0
    },
    "2022-11-30": {
        "Tax Effect Of Unusual Items": 0.0,
        "Tax Rate For Calcs": 0.209,
        "Normalized EBITDA": 20769000.0,
        "Net Income From Continuing Operation Net Minority Interest": 13997000.0,
        "Reconciled Depreciation": 1896000.0,
        "Reconciled Cost Of Revenue": 58995000.0,
        "EBITDA": 20769000.0,
        "EBIT": 18873000.0,
        "Net Interest Income": -1125000.0,
        "Interest Expense": 1169000.0,
        "Interest Income": 44000.0,
        "Normalized Income": 13997000.0,
        "Net Income From Continuing And Discontinued Operation": 13997000.0,
        "Total Expenses": 106214000.0,
        "Total Operating Income As Reported": 18679000.0,
        "Diluted Average Shares": 13609000.0,
        "Basic Average Shares": 13590000.0,
        "Diluted EPS": 1.02,
        "Basic EPS": 1.03,
        "Diluted NI Availto Com Stockholders": 13943000.0,
        "Net Income Common Stockholders": 13943000.0,
        "Otherunder Preferred Stock Dividend": 54000.0,
        "Net Income": 13997000.0,
        "Net Income Including Noncontrolling Interests": 13997000.0,
        "Net Income Continuous Operations": 13997000.0,
        "Tax Provision": 3707000.0,
        "Pretax Income": 17704000.0,
        "Other Income Expense": 150000.0,
        "Other Non Operating Income Expenses": 150000.0,
        "Net Non Operating Interest Income Expense": -1125000.0,
        "Interest Expense Non Operating": 1169000.0,
        "Interest Income Non Operating": 44000.0,
        "Operating Income": 18679000.0,
        "Operating Expense": 45576000.0,
        "Depreciation Amortization Depletion Income Statement": 253000.0,
        "Depreciation And Amortization In Income Statement": 253000.0,
        "Amortization": 253000.0,
        "Amortization Of Intangibles Income Statement": 253000.0,
        "Selling General And Administration": 45323000.0,
        "Selling And Marketing Expense": 5339000.0,
        "General And Administrative Expense": 39984000.0,
        "Other Gand A": 39984000.0,
        "Gross Profit": 64255000.0,
        "Cost Of Revenue": 60638000.0,
        "Total Revenue": 124893000.0,
        "Operating Revenue": 124893000.0
    },
    "2022-08-31": {
        "Tax Effect Of Unusual Items": 0.0,
        "Tax Rate For Calcs": 0.190651,
        "Normalized EBITDA": 19462000.0,
        "Net Income From Continuing Operation Net Minority Interest": 14786000.0,
        "Reconciled Depreciation": 353000.0,
        "Reconciled Cost Of Revenue": 68629000.0,
        "EBITDA": 19462000.0,
        "EBIT": 19109000.0,
        "Net Interest Income": -811000.0,
        "Interest Expense": 840000.0,
        "Interest Income": 29000.0,
        "Normalized Income": 14786000.0,
        "Net Income From Continuing And Discontinued Operation": 14786000.0,
        "Total Expenses": 110878000.0,
        "Total Operating Income As Reported": 19543000.0,
        "Diluted Average Shares": 13649000.0,
        "Basic Average Shares": 13622000.0,
        "Diluted EPS": 1.08,
        "Basic EPS": 1.08,
        "Diluted NI Availto Com Stockholders": 14786000.0,
        "Net Income Common Stockholders": 14786000.0,
        "Otherunder Preferred Stock Dividend": 58000.0,
        "Net Income": 14786000.0,
        "Net Income Including Noncontrolling Interests": 14786000.0,
        "Net Income Continuous Operations": 14786000.0,
        "Tax Provision": 3483000.0,
        "Pretax Income": 18269000.0,
        "Other Income Expense": -463000.0,
        "Other Non Operating Income Expenses": -463000.0,
        "Net Non Operating Interest Income Expense": -811000.0,
        "Interest Expense Non Operating": 840000.0,
        "Interest Income Non Operating": 29000.0,
        "Operating Income": 19543000.0,
        "Operating Expense": 42249000.0,
        "Depreciation Amortization Depletion Income Statement": 353000.0,
        "Depreciation And Amortization In Income Statement": 353000.0,
        "Amortization": 353000.0,
        "Amortization Of Intangibles Income Statement": 353000.0,
        "Selling General And Administration": 41896000.0,
        "Selling And Marketing Expense": 10101000.0,
        "General And Administrative Expense": 31795000.0,
        "Other Gand A": 31795000.0,
        "Gross Profit": 61792000.0,
        "Cost Of Revenue": 68629000.0,
        "Total Revenue": 130421000.0,
        "Operating Revenue": 130421000.0
    },
    "2022-05-31": {
        "Tax Effect Of Unusual Items": 0.0,
        "Tax Rate For Calcs": 0.209,
        "Normalized EBITDA": 21027000.0,
        "Net Income From Continuing Operation Net Minority Interest": 14480000.0,
        "Reconciled Depreciation": 2058000.0,
        "Reconciled Cost Of Revenue": 62982000.0,
        "EBIT": 18969000.0,
        "Net Interest Income": -642000.0,
        "Interest Expense": 669000.0,
        "Interest Income": 27000.0,
        "Normalized Income": 14480000.0,
        "Net Income From Continuing And Discontinued Operation": 14480000.0,
        "Total Expenses": 104683000.0,
        "Total Operating Income As Reported": 18984000.0,
        "Diluted Average Shares": 13680000.0,
        "Basic Average Shares": 13656000.0,
        "Diluted EPS": 1.07,
        "Basic EPS": 1.07,
        "Diluted NI Availto Com Stockholders": 14424000.0,
        "Net Income Common Stockholders": 14424000.0,
        "Otherunder Preferred Stock Dividend": 56000.0,
        "Net Income": 14480000.0,
        "Net Income Including Noncontrolling Interests": 14480000.0,
        "Net Income Continuous Operations": 14480000.0,
        "Tax Provision": 3820000.0,
        "Pretax Income": 18300000.0,
        "Other Income Expense": -42000.0,
        "Other Non Operating Income Expenses": -42000.0,
        "Net Non Operating Interest Income Expense": -642000.0,
        "Interest Expense Non Operating": 669000.0,
        "Interest Income Non Operating": 27000.0,
        "Operating Income": 18984000.0,
        "Operating Expense": 40001000.0,
        "Depreciation Amortization Depletion Income Statement": 358000.0,
        "Depreciation And Amortization In Income Statement": 358000.0,
        "Amortization": 358000.0,
        "Amortization Of Intangibles Income Statement": 358000.0,
        "Selling General And Administration": 39643000.0,
        "Selling And Marketing Expense": 6022000.0,
        "General And Administrative Expense": 33621000.0,
        "Other Gand A": 33621000.0,
        "Gross Profit": 58985000.0,
        "Cost Of Revenue": 64682000.0,
        "Total Revenue": 123667000.0,
        "Operating Revenue": 123667000.0
    },
    "2022-02-28": {
        "Diluted EPS": 1.41,
        "Total Revenue": 130,
        "Gross Profit": 66,
        "Operating Income": 25,
        "EBIT": 27,
        "Net Income": 20
    },
    "2021-11-30": {
        "Diluted EPS": 1.34,
        "Total Revenue": 135,
        "Gross Profit": 68,
        "Operating Income": 24,
        "EBIT": 26,
        "Net Income": 18
    },
    "2021-08-31": {
        "Diluted EPS": 0.61,
        "Total Revenue": 115,
        "Gross Profit": 59,
        "Operating Income": 12,
        "EBIT": 14,
        "Net Income": 8
    },
    "2021-05-31": {
        "Diluted EPS": 1.52,
        "Total Revenue": 136,
        "Gross Profit": 72,
        "Operating Income": 27,
        "EBIT": 29,
        "Net Income": 21
    },
    "2021-02-28": {
        "Diluted EPS": 1.24,
        "Total Revenue": 112,
        "Gross Profit": 62,
        "Operating Income": 21,
        "EBIT": 22,
        "Net Income": 17
    },
    "2020-11-30": {
        "Diluted EPS": 1.72,
        "Total Revenue": 125,
        "Gross Profit": 70,
        "Operating Income": 28,
        "EBIT": 30,
        "Net Income": 24
    },
    "2020-08-31": {
        "Diluted EPS": 1.42,
        "Total Revenue": 112,
        "Gross Profit": 63,
        "Operating Income": 25,
        "EBIT": 26,
        "Net Income": 20
    },
    "2020-05-31": {
        "Diluted EPS": 1.06,
        "Total Revenue": 98,
        "Gross Profit": 53,
        "Operating Income": 20,
        "EBIT": 22,
        "Net Income": 15
    },
    "2020-02-29": {
        "Diluted EPS": 1.04,
        "Total Revenue": 100,
        "Gross Profit": 54,
        "Operating Income": 18,
        "EBIT": 20,
        "Net Income": 14
    },
    "2019-11-30": {
        "Diluted EPS": 0.88,
        "Total Revenue": 99,
        "Gross Profit": 54,
        "Operating Income": 15,
        "EBIT": 17,
        "Net Income": 12
    },
    "2019-08-31": {
        "Diluted EPS": 0.63,
        "Total Revenue": 107,
        "Gross Profit": 58,
        "Operating Income": 23,
        "EBIT": 25,
        "Net Income": 8
    },
    "2019-05-31": {
        "Diluted EPS": 1.3,
        "Total Revenue": 114,
        "Gross Profit": 62,
        "Operating Income": 23,
        "EBIT": 25,
        "Net Income": 18
    },
    "2019-02-28": {
        "Diluted EPS": 1.14,
        "Total Revenue": 101,
        "Gross Profit": 56,
        "Operating Income": 20,
        "EBIT": 22,
        "Net Income": 16
    },
    "2018-11-30": {
        "Diluted EPS": 0.95,
        "Total Revenue": 101,
        "Gross Profit": 56,
        "Operating Income": 16,
        "EBIT": 18,
        "Net Income": 13
    },
    "2018-08-31": {
        "Diluted EPS": 1.54,
        "Total Revenue": 103,
        "Gross Profit": 57,
        "Operating Income": 20,
        "EBIT": 22,
        "Net Income": 21
    },
    "2018-05-31": {
        "Diluted EPS": 1.15,
        "Total Revenue": 107,
        "Gross Profit": 59,
        "Operating Income": 22,
        "EBIT": 24,
        "Net Income": 16
    },
    "2018-02-28": {
        "Diluted EPS": 1.05,
        "Total Revenue": 101,
        "Gross Profit": 56,
        "Operating Income": 19,
        "EBIT": 21,
        "Net Income": 15
    },
    "2017-11-30": {
        "Diluted EPS": 0.9,
        "Total Revenue": 98,
        "Gross Profit": 54,
        "Operating Income": 17,
        "EBIT": 19,
        "Net Income": 13
    },
    "2017-08-31": {
        "Diluted EPS": 1.01,
        "Total Revenue": 97,
        "Gross Profit": 54,
        "Operating Income": 20,
        "EBIT": 22,
        "Net Income": 14
    },
    "2017-05-31": {
        "Diluted EPS": 1.02,
        "Total Revenue": 98,
        "Gross Profit": 54,
        "Operating Income": 21,
        "EBIT": 22,
        "Net Income": 14
    },
    "2017-02-28": {
        "Diluted EPS": 0.87,
        "Total Revenue": 97,
        "Gross Profit": 54,
        "Operating Income": 19,
        "EBIT": 21,
        "Net Income": 12
    },
    "2016-11-30": {
        "Diluted EPS": 0.82,
        "Total Revenue": 89,
        "Gross Profit": 51,
        "Operating Income": 17,
        "EBIT": 18,
        "Net Income": 12
    },
    "2016-08-31": {
        "Diluted EPS": 0.99,
        "Total Revenue": 97,
        "Gross Profit": 56,
        "Operating Income": 18,
        "EBIT": 19,
        "Net Income": 14
    },
    "2016-05-31": {
        "Diluted EPS": 0.88,
        "Total Revenue": 96,
        "Gross Profit": 55,
        "Operating Income": 19,
        "EBIT": 20,
        "Net Income": 13
    },
    "2016-02-29": {
        "Diluted EPS": 0.94,
        "Total Revenue": 95,
        "Gross Profit": 52,
        "Operating Income": 18,
        "EBIT": 20,
        "Net Income": 14
    },
    "2015-11-30": {
        "Diluted EPS": 0.83,
        "Total Revenue": 93,
        "Gross Profit": 51,
        "Operating Income": 17,
        "EBIT": 19,
        "Net Income": 12
    },
    "2015-08-31": {
        "Diluted EPS": 0.8,
        "Total Revenue": 92,
        "Gross Profit": 50,
        "Operating Income": 16,
        "EBIT": 17,
        "Net Income": 12
    },
    "2015-05-31": {
        "Diluted EPS": 0.75,
        "Total Revenue": 92,
        "Gross Profit": 49,
        "Operating Income": 16,
        "EBIT": 18,
        "Net Income": 11
    },
    "2015-02-28": {
        "Diluted EPS": 0.76,
        "Total Revenue": 97,
        "Gross Profit": 51,
        "Operating Income": 18,
        "EBIT": 19,
        "Net Income": 11
    },
    "2014-11-30": {
        "Diluted EPS": 0.73,
        "Total Revenue": 96,
        "Gross Profit": 50,
        "Operating Income": 16,
        "EBIT": 17,
        "Net Income": 11
    },
    "2014-08-31": {
        "Diluted EPS": 0.77,
        "Total Revenue": 98,
        "Gross Profit": 51,
        "Operating Income": 17,
        "EBIT": 18,
        "Net Income": 11
    },
    "2014-05-31": {
        "Diluted EPS": 0.69,
        "Total Revenue": 96,
        "Gross Profit": 49,
        "Operating Income": 15,
        "EBIT": 17,
        "Net Income": 10
    },
    "2014-02-28": {
        "Diluted EPS": 0.67,
        "Total Revenue": 94,
        "Gross Profit": 49,
        "Operating Income": 15,
        "EBIT": 17,
        "Net Income": 10
    },
    "2013-11-30": {
        "Diluted EPS": 0.74,
        "Total Revenue": 96,
        "Gross Profit": 50,
        "Operating Income": 17,
        "EBIT": 18,
        "Net Income": 11
    },
    "2013-08-31": {
        "Diluted EPS": 0.53,
        "Total Revenue": 93,
        "Gross Profit": 50,
        "Operating Income": 11,
        "EBIT": 13,
        "Net Income": 8
    },
    "2013-05-31": {
        "Diluted EPS": 0.66,
        "Total Revenue": 93,
        "Gross Profit": 48,
        "Operating Income": 15,
        "EBIT": 16,
        "Net Income": 10
    },
    "2013-02-28": {
        "Diluted EPS": 0.66,
        "Total Revenue": 87,
        "Gross Profit": 44,
        "Operating Income": 14,
        "EBIT": 16,
        "Net Income": 10
    },
    "2012-11-30": {
        "Diluted EPS": 0.69,
        "Total Revenue": 95,
        "Gross Profit": 48,
        "Operating Income": 16,
        "EBIT": 17,
        "Net Income": 11
    },
    "2012-08-31": {
        "Diluted EPS": 0.56,
        "Total Revenue": 85,
        "Gross Profit": 42,
        "Operating Income": 14,
        "EBIT": 15,
        "Net Income": 9
    },
    "2012-05-31": {
        "Diluted EPS": 0.57,
        "Total Revenue": 87,
        "Gross Profit": 43,
        "Operating Income": 13,
        "EBIT": 14,
        "Net Income": 9
    },
    "2012-02-29": {
        "Diluted EPS": 0.65,
        "Total Revenue": 86,
        "Gross Profit": 42,
        "Operating Income": 15,
        "EBIT": 16,
        "Net Income": 11
    },
    "2011-11-30": {
        "Diluted EPS": 0.42,
        "Total Revenue": 85,
        "Gross Profit": 41,
        "Operating Income": 10,
        "EBIT": 12,
        "Net Income": 7
    },
    "2011-08-31": {
        "Diluted EPS": 0.61,
        "Total Revenue": 91,
        "Gross Profit": 44,
        "Operating Income": 15,
        "EBIT": 16,
        "Net Income": 10
    },
    "2011-05-31": {
        "Diluted EPS": 0.47,
        "Total Revenue": 86,
        "Gross Profit": 42,
        "Operating Income": 12,
        "EBIT": 13,
        "Net Income": 8
    },
    "2011-02-28": {
        "Diluted EPS": 0.53,
        "Total Revenue": 79,
        "Gross Profit": 41,
        "Operating Income": 14,
        "EBIT": 15,
        "Net Income": 9
    },
    "2010-11-30": {
        "Diluted EPS": 0.53,
        "Total Revenue": 81,
        "Gross Profit": 41,
        "Operating Income": 13,
        "EBIT": 14,
        "Net Income": 9
    },
    "2010-08-31": {
        "Diluted EPS": 0.41,
        "Total Revenue": 81,
        "Gross Profit": 41,
        "Operating Income": 11,
        "EBIT": 12,
        "Net Income": 7
    },
    "2010-05-31": {
        "Diluted EPS": 0.54,
        "Total Revenue": 83,
        "Gross Profit": 42,
        "Operating Income": 13,
        "EBIT": 14,
        "Net Income": 9
    },
    "2010-02-28": {
        "Diluted EPS": 0.64,
        "Total Revenue": 81,
        "Gross Profit": 42,
        "Operating Income": 17,
        "EBIT": 18,
        "Net Income": 11
    },
    "2009-11-30": {
        "Diluted EPS": 0.56,
        "Total Revenue": 78,
        "Gross Profit": 40,
        "Operating Income": 15,
        "EBIT": 16,
        "Net Income": 9
    },
    "2009-08-31": {
        "Diluted EPS": 0.46,
        "Total Revenue": 78,
        "Gross Profit": 40,
        "Operating Income": 11,
        "EBIT": 12,
        "Net Income": 8
    },
    "2009-05-31": {
        "Diluted EPS": 0.41,
        "Total Revenue": 69,
        "Gross Profit": 35,
        "Operating Income": 11,
        "EBIT": 12,
        "Net Income": 7
    },
    "2009-02-28": {
        "Diluted EPS": 0.25,
        "Total Revenue": 62,
        "Gross Profit": 31,
        "Operating Income": 5,
        "EBIT": 6,
        "Net Income": 4
    },
    "2023-08-31": {
        "Tax Effect Of Unusual Items": NaN,
        "Tax Rate For Calcs": NaN,
        "Normalized EBITDA": NaN,
        "Net Income From Continuing Operation Net Minority Interest": NaN,
        "Reconciled Depreciation": NaN,
        "Reconciled Cost Of Revenue": NaN,
        "EBITDA": NaN,
        "EBIT": NaN,
        "Net Interest Income": NaN,
        "Interest Expense": NaN,
        "Interest Income": NaN,
        "Normalized Income": NaN,
        "Net Income From Continuing And Discontinued Operation": NaN,
        "Total Expenses": NaN,
        "Total Operating Income As Reported": NaN,
        "Diluted Average Shares": 13597000.0,
        "Basic Average Shares": 13567000.0,
        "Diluted EPS": 1.21,
        "Basic EPS": 1.22,
        "Diluted NI Availto Com Stockholders": NaN,
        "Net Income Common Stockholders": NaN,
        "Otherunder Preferred Stock Dividend": NaN,
        "Net Income": NaN,
        "Net Income Including Noncontrolling Interests": NaN,
        "Net Income Continuous Operations": NaN,
        "Tax Provision": NaN,
        "Pretax Income": NaN,
        "Other Income Expense": NaN,
        "Other Non Operating Income Expenses": NaN,
        "Net Non Operating Interest Income Expense": NaN,
        "Interest Expense Non Operating": NaN,
        "Interest Income Non Operating": NaN,
        "Operating Income": NaN,
        "Operating Expense": NaN,
        "Depreciation Amortization Depletion Income Statement": NaN,
        "Depreciation And Amortization In Income Statement": NaN,
        "Amortization": NaN,
        "Amortization Of Intangibles Income Statement": NaN,
        "Selling General And Administration": NaN,
        "Selling And Marketing Expense": NaN,
        "General And Administrative Expense": NaN,
        "Other Gand A": NaN,
        "Gross Profit": NaN,
        "Cost Of Revenue": NaN,
        "Total Revenue": NaN,
        "Operating Revenue": NaN
    },
    "2023-11-30": {
        "Tax Effect Of Unusual Items": 0.0,
        "Tax Rate For Calcs": 0.242,
        "Normalized EBITDA": 26479000.0,
        "Net Income From Continuing Operation Net Minority Interest": 17482000.0,
        "Reconciled Depreciation": 2261000.0,
        "Reconciled Cost Of Revenue": 62853000.0,
        "EBITDA": 26479000.0,
        "EBIT": 24218000.0,
        "Net Interest Income": -1072000.0,
        "Interest Expense": 1146000.0,
        "Interest Income": 74000.0,
        "Normalized Income": 17482000.0,
        "Net Income From Continuing And Discontinued Operation": 17482000.0,
        "Total Expenses": 116232000.0,
        "Total Operating Income As Reported": 24184000.0,
        "Diluted Average Shares": 13584000.0,
        "Basic Average Shares": 13560000.0,
        "Diluted EPS": 1.28,
        "Basic EPS": 1.28,
        "Diluted NI Availto Com Stockholders": 17416000.0,
        "Net Income Common Stockholders": 17416000.0,
        "Otherunder Preferred Stock Dividend": 66000.0,
        "Net Income": 17482000.0,
        "Net Income Including Noncontrolling Interests": 17482000.0,
        "Net Income Continuous Operations": 17482000.0,
        "Tax Provision": 5590000.0,
        "Pretax Income": 23072000.0,
        "Other Income Expense": -40000.0,
        "Other Non Operating Income Expenses": -40000.0,
        "Net Non Operating Interest Income Expense": -1072000.0,
        "Interest Expense Non Operating": 1146000.0,
        "Interest Income Non Operating": 74000.0,
        "Operating Income": 24184000.0,
        "Operating Expense": 51369000.0,
        "Depreciation Amortization Depletion Income Statement": 251000.0,
        "Depreciation And Amortization In Income Statement": 251000.0,
        "Amortization": 251000.0,
        "Amortization Of Intangibles Income Statement": 251000.0,
        "Selling General And Administration": 51118000.0,
        "Selling And Marketing Expense": 6983000.0,
        "General And Administrative Expense": 44135000.0,
        "Other Gand A": 44135000.0,
        "Gross Profit": 75553000.0,
        "Cost Of Revenue": 64863000.0,
        "Total Revenue": 140416000.0,
        "Operating Revenue": 140416000.0
    },
    "2024-02-29": {
        "Tax Effect Of Unusual Items": 0.0,
        "Tax Rate For Calcs": 0.216,
        "Normalized EBITDA": 23236000.0,
        "Net Income From Continuing Operation Net Minority Interest": 15536000.0,
        "Reconciled Depreciation": 2422000.0,
        "Reconciled Cost Of Revenue": 63994000.0,
        "EBITDA": 23236000.0,
        "EBIT": 20814000.0,
        "Net Interest Income": -942000.0,
        "Interest Expense": 1008000.0,
        "Interest Income": 66000.0,
        "Normalized Income": 15536000.0,
        "Net Income From Continuing And Discontinued Operation": 15536000.0,
        "Total Expenses": 118164000.0,
        "Total Operating Income As Reported": 20941000.0,
        "Diluted Average Shares": 13583000.0,
        "Basic Average Shares": 13558000.0,
        "Diluted EPS": 1.14,
        "Basic EPS": 1.14,
        "Diluted NI Availto Com Stockholders": 15480000.0,
        "Net Income Common Stockholders": 15480000.0,
        "Otherunder Preferred Stock Dividend": 56000.0,
        "Net Income": 15536000.0,
        "Net Income Including Noncontrolling Interests": 15536000.0,
        "Net Income Continuous Operations": 15536000.0,
        "Tax Provision": 4270000.0,
        "Pretax Income": 19806000.0,
        "Other Income Expense": -193000.0,
        "Other Non Operating Income Expenses": -193000.0,
        "Net Non Operating Interest Income Expense": -942000.0,
        "Interest Expense Non Operating": 1008000.0,
        "Interest Income Non Operating": 66000.0,
        "Operating Income": 20941000.0,
        "Operating Expense": 52000000.0,
        "Depreciation Amortization Depletion Income Statement": 252000.0,
        "Depreciation And Amortization In Income Statement": 252000.0,
        "Amortization": 252000.0,
        "Amortization Of Intangibles Income Statement": 252000.0,
        "Selling General And Administration": 51748000.0,
        "Selling And Marketing Expense": 6725000.0,
        "General And Administrative Expense": 45023000.0,
        "Other Gand A": 45023000.0,
        "Gross Profit": 72941000.0,
        "Cost Of Revenue": 66164000.0,
        "Total Revenue": 139105000.0,
        "Operating Revenue": 139105000.0
    },
    "2024-05-31": {
        "Tax Effect Of Unusual Items": 0.0,
        "Tax Rate For Calcs": 0.232,
        "Normalized EBITDA": 29532000.0,
        "Net Income From Continuing Operation Net Minority Interest": 19842000.0,
        "Reconciled Depreciation": 2503000.0,
        "Reconciled Cost Of Revenue": 70457000.0,
        "EBITDA": 29532000.0,
        "EBIT": 27029000.0,
        "Net Interest Income": -1046000.0,
        "Interest Expense": 1182000.0,
        "Interest Income": 136000.0,
        "Normalized Income": 19842000.0,
        "Net Income From Continuing And Discontinued Operation": 19842000.0,
        "Total Expenses": 127869000.0,
        "Total Operating Income As Reported": 27176000.0,
        "Diluted Average Shares": 13577000.0,
        "Basic Average Shares": 13552000.0,
        "Diluted EPS": 1.46,
        "Basic EPS": 1.46,
        "Diluted NI Availto Com Stockholders": 19775000.0,
        "Net Income Common Stockholders": 19775000.0,
        "Otherunder Preferred Stock Dividend": 67000.0,
        "Net Income": 19842000.0,
        "Net Income Including Noncontrolling Interests": 19842000.0,
        "Net Income Continuous Operations": 19842000.0,
        "Tax Provision": 6005000.0,
        "Pretax Income": 25847000.0,
        "Other Income Expense": -283000.0,
        "Other Non Operating Income Expenses": -283000.0,
        "Net Non Operating Interest Income Expense": -1046000.0,
        "Interest Expense Non Operating": 1182000.0,
        "Interest Income Non Operating": 136000.0,
        "Operating Income": 27176000.0,
        "Operating Expense": 55212000.0,
        "Depreciation Amortization Depletion Income Statement": 303000.0,
        "Depreciation And Amortization In Income Statement": 303000.0,
        "Amortization": 303000.0,
        "Amortization Of Intangibles Income Statement": 303000.0,
        "Selling General And Administration": 54909000.0,
        "Selling And Marketing Expense": 9345000.0,
        "General And Administrative Expense": 45564000.0,
        "Other Gand A": 45564000.0,
        "Gross Profit": 82388000.0,
        "Cost Of Revenue": 72657000.0,
        "Total Revenue": 155045000.0,
        "Operating Revenue": 155045000.0
    },
    "2024-08-31": {
        "Tax Effect Of Unusual Items": 0.0,
        "Tax Rate For Calcs": 0.26331,
        "Normalized EBITDA": 26004000.0,
        "Net Income From Continuing Operation Net Minority Interest": 16784000.0,
        "Reconciled Depreciation": 2270000.0,
        "Reconciled Cost Of Revenue": 69676000.0,
        "EBITDA": 26004000.0,
        "EBIT": 23734000.0,
        "Net Interest Income": -753000.0,
        "Interest Expense": 951000.0,
        "Interest Income": 198000.0,
        "Normalized Income": 16784000.0,
        "Net Income From Continuing And Discontinued Operation": 16784000.0,
        "Total Expenses": 131941000.0,
        "Total Operating Income As Reported": 24050000.0,
        "Diluted Average Shares": NaN,
        "Basic Average Shares": NaN,
        "Diluted EPS": NaN,
        "Basic EPS": NaN,
        "Diluted NI Availto Com Stockholders": 16727000.0,
        "Net Income Common Stockholders": 16727000.0,
        "Otherunder Preferred Stock Dividend": 57000.0,
        "Net Income": 16784000.0,
        "Net Income Including Noncontrolling Interests": 16784000.0,
        "Net Income Continuous Operations": 16784000.0,
        "Tax Provision": 5999000.0,
        "Pretax Income": 22783000.0,
        "Other Income Expense": -514000.0,
        "Other Non Operating Income Expenses": -514000.0,
        "Net Non Operating Interest Income Expense": -753000.0,
        "Interest Expense Non Operating": 951000.0,
        "Interest Income Non Operating": 198000.0,
        "Operating Income": 24050000.0,
        "Operating Expense": 60295000.0,
        "Depreciation Amortization Depletion Income Statement": 300000.0,
        "Depreciation And Amortization In Income Statement": 300000.0,
        "Amortization": 300000.0,
        "Amortization Of Intangibles Income Statement": 300000.0,
        "Selling General And Administration": 59995000.0,
        "Selling And Marketing Expense": 10858000.0,
        "General And Administrative Expense": 49137000.0,
        "Other Gand A": 49137000.0,
        "Gross Profit": 84345000.0,
        "Cost Of Revenue": 71646000.0,
        "Total Revenue": 155991000.0,
        "Operating Revenue": 155991000.0
    },
    "2024-11-30": {
        "Tax Effect Of Unusual Items": 0.0,
        "Tax Rate For Calcs": 0.22,
        "Normalized EBITDA": 27204000.0,
        "Net Income From Continuing Operation Net Minority Interest": 18925000.0,
        "Reconciled Depreciation": 2075000.0,
        "Reconciled Cost Of Revenue": 67380000.0,
        "EBITDA": 27204000.0,
        "EBIT": 25129000.0,
        "Net Interest Income": -725000.0,
        "Interest Expense": 873000.0,
        "Interest Income": 148000.0,
        "Normalized Income": 18925000.0,
        "Net Income From Continuing And Discontinued Operation": 18925000.0,
        "Total Expenses": 128373000.0,
        "Total Operating Income As Reported": 25122000.0,
        "Diluted Average Shares": 13573000.0,
        "Basic Average Shares": 13548000.0,
        "Diluted EPS": 1.39,
        "Basic EPS": 1.39,
        "Diluted NI Availto Com Stockholders": 18861000.0,
        "Net Income Common Stockholders": 18861000.0,
        "Otherunder Preferred Stock Dividend": 64000.0,
        "Net Income": 18925000.0,
        "Net Income Including Noncontrolling Interests": 18925000.0,
        "Net Income Continuous Operations": 18925000.0,
        "Tax Provision": 5331000.0,
        "Pretax Income": 24256000.0,
        "Other Income Expense": -141000.0,
        "Other Non Operating Income Expenses": -141000.0,
        "Net Non Operating Interest Income Expense": -725000.0,
        "Interest Expense Non Operating": 873000.0,
        "Interest Income Non Operating": 148000.0,
        "Operating Income": 25122000.0,
        "Operating Expense": 58965000.0,
        "Depreciation Amortization Depletion Income Statement": 47000.0,
        "Depreciation And Amortization In Income Statement": 47000.0,
        "Amortization": 47000.0,
        "Amortization Of Intangibles Income Statement": 47000.0,
        "Selling General And Administration": 58918000.0,
        "Selling And Marketing Expense": 8393000.0,
        "General And Administrative Expense": 50525000.0,
        "Other Gand A": 50525000.0,
        "Gross Profit": 84087000.0,
        "Cost Of Revenue": 69408000.0,
        "Total Revenue": 153495000.0,
        "Operating Revenue": 153495000.0
    }
}