{
    "2023-03-31": {
        "Tax Effect Of Unusual Items": NaN,
        "Tax Rate For Calcs": NaN,
        "Normalized EBITDA": NaN,
        "Total Unusual Items": NaN,
        "Total Unusual Items Excluding Goodwill": NaN,
        "Net Income From Continuing Operation Net Minority Interest": NaN,
        "Reconciled Cost Of Revenue": NaN,
        "EBITDA": NaN,
        "EBIT": NaN,
        "Net Interest Income": NaN,
        "Interest Income": NaN,
        "Normalized Income": NaN,
        "Net Income From Continuing And Discontinued Operation": NaN,
        "Total Expenses": NaN,
        "Total Operating Income As Reported": NaN,
        "Diluted Average Shares": NaN,
        "Basic Average Shares": NaN,
        "Diluted EPS": NaN,
        "Basic EPS": NaN,
        "Diluted NI Availto Com Stockholders": NaN,
        "Net Income Common Stockholders": NaN,
        "Otherunder Preferred Stock Dividend": NaN,
        "Net Income": NaN,
        "Minority Interests": 0.0,
        "Net Income Including Noncontrolling Interests": NaN,
        "Net Income Continuous Operations": NaN,
        "Tax Provision": NaN,
        "Pretax Income": NaN,
        "Other Income Expense": NaN,
        "Other Non Operating Income Expenses": NaN,
        "Gain On Sale Of Security": NaN,
        "Net Non Operating Interest Income Expense": NaN,
        "Interest Income Non Operating": NaN,
        "Operating Income": NaN,
        "Operating Expense": NaN,
        "Research And Development": NaN,
        "Selling General And Administration": NaN,
        "Selling And Marketing Expense": NaN,
        "General And Administrative Expense": NaN,
        "Other Gand A": NaN,
        "Salaries And Wages": NaN,
        "Gross Profit": NaN,
        "Cost Of Revenue": NaN,
        "Total Revenue": NaN,
        "Operating Revenue": NaN
    },
    "2022-12-31": {
        "Tax Effect Of Unusual Items": NaN,
        "Tax Rate For Calcs": NaN,
        "Normalized EBITDA": NaN,
        "Total Unusual Items": NaN,
        "Total Unusual Items Excluding Goodwill": NaN,
        "Net Income From Continuing Operation Net Minority Interest": NaN,
        "Reconciled Cost Of Revenue": NaN,
        "EBITDA": NaN,
        "EBIT": NaN,
        "Net Interest Income": NaN,
        "Interest Income": NaN,
        "Normalized Income": NaN,
        "Net Income From Continuing And Discontinued Operation": NaN,
        "Total Expenses": NaN,
        "Total Operating Income As Reported": NaN,
        "Diluted Average Shares": NaN,
        "Basic Average Shares": NaN,
        "Diluted EPS": NaN,
        "Basic EPS": NaN,
        "Diluted NI Availto Com Stockholders": NaN,
        "Net Income Common Stockholders": NaN,
        "Otherunder Preferred Stock Dividend": 0.0,
        "Net Income": NaN,
        "Minority Interests": NaN,
        "Net Income Including Noncontrolling Interests": NaN,
        "Net Income Continuous Operations": NaN,
        "Tax Provision": NaN,
        "Pretax Income": NaN,
        "Other Income Expense": NaN,
        "Other Non Operating Income Expenses": NaN,
        "Gain On Sale Of Security": NaN,
        "Net Non Operating Interest Income Expense": NaN,
        "Interest Income Non Operating": NaN,
        "Operating Income": NaN,
        "Operating Expense": NaN,
        "Research And Development": NaN,
        "Selling General And Administration": NaN,
        "Selling And Marketing Expense": NaN,
        "General And Administrative Expense": NaN,
        "Other Gand A": NaN,
        "Salaries And Wages": NaN,
        "Gross Profit": NaN,
        "Cost Of Revenue": NaN,
        "Total Revenue": NaN,
        "Operating Revenue": NaN
    },
    "2022-09-30": {
        "Tax Effect Of Unusual Items": NaN,
        "Tax Rate For Calcs": NaN,
        "Normalized EBITDA": NaN,
        "Total Unusual Items": NaN,
        "Total Unusual Items Excluding Goodwill": NaN,
        "Net Income From Continuing Operation Net Minority Interest": NaN,
        "Reconciled Cost Of Revenue": NaN,
        "EBITDA": NaN,
        "EBIT": NaN,
        "Net Interest Income": NaN,
        "Interest Income": NaN,
        "Normalized Income": NaN,
        "Net Income From Continuing And Discontinued Operation": NaN,
        "Total Expenses": NaN,
        "Total Operating Income As Reported": NaN,
        "Diluted Average Shares": NaN,
        "Basic Average Shares": NaN,
        "Diluted EPS": NaN,
        "Basic EPS": NaN,
        "Diluted NI Availto Com Stockholders": NaN,
        "Net Income Common Stockholders": NaN,
        "Otherunder Preferred Stock Dividend": 0.0,
        "Net Income": NaN,
        "Minority Interests": 0.0,
        "Net Income Including Noncontrolling Interests": NaN,
        "Net Income Continuous Operations": NaN,
        "Tax Provision": NaN,
        "Pretax Income": NaN,
        "Other Income Expense": NaN,
        "Other Non Operating Income Expenses": NaN,
        "Gain On Sale Of Security": NaN,
        "Net Non Operating Interest Income Expense": NaN,
        "Interest Income Non Operating": NaN,
        "Operating Income": NaN,
        "Operating Expense": NaN,
        "Research And Development": NaN,
        "Selling General And Administration": NaN,
        "Selling And Marketing Expense": NaN,
        "General And Administrative Expense": NaN,
        "Other Gand A": NaN,
        "Salaries And Wages": NaN,
        "Gross Profit": NaN,
        "Cost Of Revenue": NaN,
        "Total Revenue": NaN,
        "Operating Revenue": NaN
    },
    "2022-06-30": {
        "Tax Effect Of Unusual Items": 65200.0,
        "Tax Rate For Calcs": 0.4,
        "Normalized EBITDA": 155760000.0,
        "Total Unusual Items": 163000.0,
        "Total Unusual Items Excluding Goodwill": 163000.0,
        "Net Income From Continuing Operation Net Minority Interest": 206943000.0,
        "Reconciled Cost Of Revenue": 244616000.0,
        "EBITDA": 155923000.0,
        "EBIT": 155923000.0,
        "Net Interest Income": 15213000.0,
        "Interest Income": 15213000.0,
        "Normalized Income": 206845200.0,
        "Net Income From Continuing And Discontinued Operation": 206943000.0,
        "Total Expenses": 545495000.0,
        "Total Operating Income As Reported": 155923000.0,
        "Diluted Average Shares": 400606035.0,
        "Basic Average Shares": 392660266.0,
        "Diluted EPS": 0.5,
        "Basic EPS": 0.5,
        "Diluted NI Availto Com Stockholders": 206943000.0,
        "Net Income Common Stockholders": 206943000.0,
        "Otherunder Preferred Stock Dividend": 0.0,
        "Net Income": 206943000.0,
        "Net Income Including Noncontrolling Interests": 206943000.0,
        "Net Income Continuous Operations": 206943000.0,
        "Tax Provision": -19756000.0,
        "Pretax Income": 187187000.0,
        "Other Income Expense": 16051000.0,
        "Other Non Operating Income Expenses": 15888000.0,
        "Gain On Sale Of Security": 163000.0,
        "Net Non Operating Interest Income Expense": 15213000.0,
        "Interest Income Non Operating": 15213000.0,
        "Operating Income": 155923000.0,
        "Operating Expense": 300879000.0,
        "Research And Development": 70402000.0,
        "Selling General And Administration": 230477000.0,
        "Selling And Marketing Expense": 144423000.0,
        "General And Administrative Expense": 86054000.0,
        "Other Gand A": 86054000.0,
        "Salaries And Wages": NaN,
        "Gross Profit": 456802000.0,
        "Cost Of Revenue": 244616000.0,
        "Total Revenue": 701418000.0,
        "Operating Revenue": 701418000.0
    },
    "2022-03-31": {
        "Diluted EPS": 0.04,
        "Total Revenue": 102,
        "Gross Profit": 78,
        "Operating Income": 18,
        "EBIT": 18,
        "Net Income": 17
    },
    "2021-12-31": {
        "Diluted EPS": 0.32,
        "Total Revenue": 102,
        "Gross Profit": 69,
        "Operating Income": -16,
        "EBIT": -16,
        "Net Income": -15
    },
    "2021-09-30": {
        "Diluted EPS": -0.2,
        "Total Revenue": 121,
        "Gross Profit": 75,
        "Operating Income": -80,
        "EBIT": -80,
        "Net Income": -74
    },
    "2021-06-30": {
        "Diluted EPS": -0.4,
        "Total Revenue": 145,
        "Gross Profit": 105,
        "Operating Income": -126,
        "EBIT": -126,
        "Net Income": -108
    },
    "2021-03-31": {
        "Diluted EPS": -0.62,
        "Total Revenue": 135,
        "Gross Profit": 89,
        "Operating Income": -70,
        "EBIT": -70,
        "Net Income": -73
    },
    "2020-12-31": {
        "Diluted EPS": 0.0,
        "Total Revenue": NaN,
        "Gross Profit": NaN,
        "Operating Income": NaN,
        "EBIT": NaN,
        "Net Income": NaN
    },
    "2023-06-30": {
        "Tax Effect Of Unusual Items": 209500.0,
        "Tax Rate For Calcs": 0.25,
        "Normalized EBITDA": -42480000.0,
        "Total Unusual Items": 838000.0,
        "Total Unusual Items Excluding Goodwill": 838000.0,
        "Net Income From Continuing Operation Net Minority Interest": 21697000.0,
        "Reconciled Cost Of Revenue": 333140000.0,
        "EBITDA": -41642000.0,
        "EBIT": -41642000.0,
        "Net Interest Income": 37618000.0,
        "Interest Income": 37618000.0,
        "Normalized Income": 21068500.0,
        "Net Income From Continuing And Discontinued Operation": 21697000.0,
        "Total Expenses": 720342000.0,
        "Total Operating Income As Reported": -41642000.0,
        "Diluted Average Shares": 394959205.0,
        "Basic Average Shares": 379552119.0,
        "Diluted EPS": 0.1,
        "Basic EPS": 0.1,
        "Diluted NI Availto Com Stockholders": 21697000.0,
        "Net Income Common Stockholders": 21697000.0,
        "Otherunder Preferred Stock Dividend": NaN,
        "Net Income": 21697000.0,
        "Minority Interests": NaN,
        "Net Income Including Noncontrolling Interests": 21697000.0,
        "Net Income Continuous Operations": 21697000.0,
        "Tax Provision": -10504000.0,
        "Pretax Income": 11193000.0,
        "Other Income Expense": 15217000.0,
        "Other Non Operating Income Expenses": 14379000.0,
        "Gain On Sale Of Security": 838000.0,
        "Net Non Operating Interest Income Expense": 37618000.0,
        "Interest Income Non Operating": 37618000.0,
        "Operating Income": -41642000.0,
        "Operating Expense": 387202000.0,
        "Research And Development": 86657000.0,
        "Selling General And Administration": 300545000.0,
        "Selling And Marketing Expense": 204548000.0,
        "General And Administrative Expense": 95997000.0,
        "Other Gand A": 95997000.0,
        "Salaries And Wages": 26010000.0,
        "Gross Profit": 345560000.0,
        "Cost Of Revenue": 333140000.0,
        "Total Revenue": 678700000.0,
        "Operating Revenue": 678700000.0
    },
    "2023-09-30": {
        "Tax Effect Of Unusual Items": -933500.0,
        "Tax Rate For Calcs": 0.25,
        "Normalized EBITDA": 1666000.0,
        "Total Unusual Items": -3734000.0,
        "Total Unusual Items Excluding Goodwill": -3734000.0,
        "Net Income From Continuing Operation Net Minority Interest": 36742000.0,
        "Reconciled Cost Of Revenue": 312278000.0,
        "EBITDA": -2068000.0,
        "EBIT": -2068000.0,
        "Net Interest Income": 32890000.0,
        "Interest Income": 32890000.0,
        "Normalized Income": 39542500.0,
        "Net Income From Continuing And Discontinued Operation": 36742000.0,
        "Total Expenses": 688546000.0,
        "Total Operating Income As Reported": -2068000.0,
        "Diluted Average Shares": 380852967.0,
        "Basic Average Shares": 371962834.0,
        "Diluted EPS": 0.1,
        "Basic EPS": 0.1,
        "Diluted NI Availto Com Stockholders": 36742000.0,
        "Net Income Common Stockholders": 36742000.0,
        "Otherunder Preferred Stock Dividend": NaN,
        "Net Income": 36742000.0,
        "Minority Interests": 417000.0,
        "Net Income Including Noncontrolling Interests": 36325000.0,
        "Net Income Continuous Operations": 36325000.0,
        "Tax Provision": -1479000.0,
        "Pretax Income": 34846000.0,
        "Other Income Expense": 4024000.0,
        "Other Non Operating Income Expenses": 7758000.0,
        "Gain On Sale Of Security": -3734000.0,
        "Net Non Operating Interest Income Expense": 32890000.0,
        "Interest Income Non Operating": 32890000.0,
        "Operating Income": -2068000.0,
        "Operating Expense": 376268000.0,
        "Research And Development": 73942000.0,
        "Selling General And Administration": 302326000.0,
        "Selling And Marketing Expense": 187685000.0,
        "General And Administrative Expense": 114641000.0,
        "Other Gand A": 114641000.0,
        "Salaries And Wages": NaN,
        "Gross Profit": 374200000.0,
        "Cost Of Revenue": 312278000.0,
        "Total Revenue": 686478000.0,
        "Operating Revenue": 686478000.0
    },
    "2023-12-31": {
        "Tax Effect Of Unusual Items": 1483513.60018,
        "Tax Rate For Calcs": 0.213271,
        "Normalized EBITDA": 19683000.0,
        "Total Unusual Items": 6956000.0,
        "Total Unusual Items Excluding Goodwill": 6956000.0,
        "Net Income From Continuing Operation Net Minority Interest": 59057000.0,
        "Reconciled Cost Of Revenue": 692677000.0,
        "EBITDA": 26639000.0,
        "EBIT": 26639000.0,
        "Net Interest Income": 34659000.0,
        "Interest Income": 34659000.0,
        "Normalized Income": 53584513.60018,
        "Net Income From Continuing And Discontinued Operation": 59057000.0,
        "Total Expenses": 632725000.0,
        "Total Operating Income As Reported": 26639000.0,
        "Diluted Average Shares": 376227046.0,
        "Basic Average Shares": 369846688.0,
        "Diluted EPS": 0.2,
        "Basic EPS": 0.2,
        "Diluted NI Availto Com Stockholders": 59057000.0,
        "Net Income Common Stockholders": 59057000.0,
        "Otherunder Preferred Stock Dividend": NaN,
        "Net Income": 59057000.0,
        "Minority Interests": 3119000.0,
        "Net Income Including Noncontrolling Interests": 55938000.0,
        "Net Income Continuous Operations": 55938000.0,
        "Tax Provision": 15164000.0,
        "Pretax Income": 71102000.0,
        "Other Income Expense": 9804000.0,
        "Other Non Operating Income Expenses": 2848000.0,
        "Gain On Sale Of Security": 6956000.0,
        "Net Non Operating Interest Income Expense": 34659000.0,
        "Interest Income Non Operating": 34659000.0,
        "Operating Income": 26639000.0,
        "Operating Expense": -59952000.0,
        "Research And Development": 59806000.0,
        "Selling General And Administration": -119758000.0,
        "Selling And Marketing Expense": -215717000.0,
        "General And Administrative Expense": 95959000.0,
        "Other Gand A": 95959000.0,
        "Salaries And Wages": NaN,
        "Gross Profit": -33313000.0,
        "Cost Of Revenue": 692677000.0,
        "Total Revenue": 659364000.0,
        "Operating Revenue": 632751000.0
    },
    "2024-03-31": {
        "Tax Effect Of Unusual Items": 145854.865668,
        "Tax Rate For Calcs": 0.096337,
        "Normalized EBITDA": 44850000.0,
        "Total Unusual Items": 1514000.0,
        "Total Unusual Items Excluding Goodwill": 1514000.0,
        "Net Income From Continuing Operation Net Minority Interest": 80632000.0,
        "Reconciled Cost Of Revenue": 331243000.0,
        "EBITDA": 46364000.0,
        "EBIT": 46364000.0,
        "Net Interest Income": 39804000.0,
        "Interest Income": 39804000.0,
        "Normalized Income": 79263854.865668,
        "Net Income From Continuing And Discontinued Operation": 80632000.0,
        "Total Expenses": 658336000.0,
        "Total Operating Income As Reported": 46364000.0,
        "Diluted Average Shares": 375646211.0,
        "Basic Average Shares": 369661917.0,
        "Diluted EPS": 0.2,
        "Basic EPS": 0.2,
        "Diluted NI Availto Com Stockholders": 80632000.0,
        "Net Income Common Stockholders": 80632000.0,
        "Otherunder Preferred Stock Dividend": NaN,
        "Net Income": 80632000.0,
        "Minority Interests": 75000.0,
        "Net Income Including Noncontrolling Interests": 80557000.0,
        "Net Income Continuous Operations": 80557000.0,
        "Tax Provision": 8588000.0,
        "Pretax Income": 89145000.0,
        "Other Income Expense": 2977000.0,
        "Other Non Operating Income Expenses": 1463000.0,
        "Gain On Sale Of Security": 1514000.0,
        "Net Non Operating Interest Income Expense": 39804000.0,
        "Interest Income Non Operating": 39804000.0,
        "Operating Income": 46364000.0,
        "Operating Expense": 327093000.0,
        "Research And Development": 55986000.0,
        "Selling General And Administration": 271107000.0,
        "Selling And Marketing Expense": 182146000.0,
        "General And Administrative Expense": 88961000.0,
        "Other Gand A": 88961000.0,
        "Salaries And Wages": NaN,
        "Gross Profit": 373457000.0,
        "Cost Of Revenue": 331243000.0,
        "Total Revenue": 704700000.0,
        "Operating Revenue": 704700000.0
    },
    "2024-06-30": {
        "Tax Effect Of Unusual Items": -34382.717954,
        "Tax Rate For Calcs": 0.077439,
        "Normalized EBITDA": 52808000.0,
        "Total Unusual Items": -444000.0,
        "Total Unusual Items Excluding Goodwill": -444000.0,
        "Net Income From Continuing Operation Net Minority Interest": 88290000.0,
        "Reconciled Cost Of Revenue": 319101000.0,
        "EBITDA": 52364000.0,
        "EBIT": 52364000.0,
        "Net Interest Income": 37510000.0,
        "Interest Income": 37510000.0,
        "Normalized Income": 88699617.282046,
        "Net Income From Continuing And Discontinued Operation": 88290000.0,
        "Total Expenses": 623792000.0,
        "Total Operating Income As Reported": 52364000.0,
        "Diluted Average Shares": 373434644.0,
        "Basic Average Shares": 366058960.0,
        "Diluted EPS": 0.2,
        "Basic EPS": 0.2,
        "Diluted NI Availto Com Stockholders": 88290000.0,
        "Net Income Common Stockholders": 88290000.0,
        "Otherunder Preferred Stock Dividend": NaN,
        "Net Income": 88290000.0,
        "Minority Interests": 4586000.0,
        "Net Income Including Noncontrolling Interests": 83704000.0,
        "Net Income Continuous Operations": 83704000.0,
        "Tax Provision": 7026000.0,
        "Pretax Income": 90730000.0,
        "Other Income Expense": 856000.0,
        "Other Non Operating Income Expenses": 1300000.0,
        "Gain On Sale Of Security": -444000.0,
        "Net Non Operating Interest Income Expense": 37510000.0,
        "Interest Income Non Operating": 37510000.0,
        "Operating Income": 52364000.0,
        "Operating Expense": 304691000.0,
        "Research And Development": 53300000.0,
        "Selling General And Administration": 251391000.0,
        "Selling And Marketing Expense": 157413000.0,
        "General And Administrative Expense": 93978000.0,
        "Other Gand A": 93978000.0,
        "Salaries And Wages": NaN,
        "Gross Profit": 357055000.0,
        "Cost Of Revenue": 319101000.0,
        "Total Revenue": 676156000.0,
        "Operating Revenue": 676156000.0
    }
}