{
    "2023-03-31": {
        "Tax Effect Of Unusual Items": 0.0,
        "Tax Rate For Calcs": 0.21,
        "Normalized EBITDA": -3384000.0,
        "Net Income From Continuing Operation Net Minority Interest": -7859000.0,
        "Reconciled Depreciation": 3983000.0,
        "Reconciled Cost Of Revenue": 13031000.0,
        "EBITDA": -3384000.0,
        "EBIT": -7367000.0,
        "Net Interest Income": -472000.0,
        "Interest Expense": 472000.0,
        "Interest Income": NaN,
        "Normalized Income": -7859000.0,
        "Net Income From Continuing And Discontinued Operation": -7859000.0,
        "Total Expenses": 48083000.0,
        "Total Operating Income As Reported": -8518000.0,
        "Diluted Average Shares": 65954521.0,
        "Basic Average Shares": 65954521.0,
        "Diluted EPS": -0.12,
        "Basic EPS": -0.12,
        "Diluted NI Availto Com Stockholders": -7859000.0,
        "Net Income Common Stockholders": -7859000.0,
        "Net Income": -7859000.0,
        "Net Income Including Noncontrolling Interests": -7859000.0,
        "Net Income Continuous Operations": -7859000.0,
        "Tax Provision": 20000.0,
        "Pretax Income": -7839000.0,
        "Other Income Expense": 1151000.0,
        "Other Non Operating Income Expenses": 1151000.0,
        "Net Non Operating Interest Income Expense": -472000.0,
        "Interest Expense Non Operating": 472000.0,
        "Interest Income Non Operating": NaN,
        "Operating Income": -8518000.0,
        "Operating Expense": 35052000.0,
        "Research And Development": 7694000.0,
        "Selling General And Administration": 27358000.0,
        "Selling And Marketing Expense": 17218000.0,
        "General And Administrative Expense": 10140000.0,
        "Other Gand A": 10140000.0,
        "Gross Profit": 26534000.0,
        "Cost Of Revenue": 13031000.0,
        "Total Revenue": 39565000.0,
        "Operating Revenue": 39565000.0
    },
    "2022-12-31": {
        "Tax Effect Of Unusual Items": 0.0,
        "Tax Rate For Calcs": 0.21,
        "Normalized EBITDA": -4750000.0,
        "Net Income From Continuing Operation Net Minority Interest": -9267000.0,
        "Reconciled Depreciation": 4059000.0,
        "Reconciled Cost Of Revenue": 12751000.0,
        "EBITDA": -4750000.0,
        "EBIT": -8809000.0,
        "Net Interest Income": -436000.0,
        "Interest Expense": 436000.0,
        "Interest Income": NaN,
        "Normalized Income": -9267000.0,
        "Net Income From Continuing And Discontinued Operation": -9267000.0,
        "Total Expenses": 47431000.0,
        "Total Operating Income As Reported": -9746000.0,
        "Diluted Average Shares": 65629940.0,
        "Basic Average Shares": 65629940.0,
        "Diluted EPS": -0.14,
        "Basic EPS": -0.14,
        "Diluted NI Availto Com Stockholders": -9267000.0,
        "Net Income Common Stockholders": -9267000.0,
        "Net Income": -9267000.0,
        "Net Income Including Noncontrolling Interests": -9267000.0,
        "Net Income Continuous Operations": -9267000.0,
        "Tax Provision": 22000.0,
        "Pretax Income": -9245000.0,
        "Other Income Expense": 937000.0,
        "Other Non Operating Income Expenses": 937000.0,
        "Net Non Operating Interest Income Expense": -436000.0,
        "Interest Expense Non Operating": 436000.0,
        "Interest Income Non Operating": NaN,
        "Operating Income": -9746000.0,
        "Operating Expense": 34680000.0,
        "Research And Development": 8185000.0,
        "Selling General And Administration": 26495000.0,
        "Selling And Marketing Expense": 16119000.0,
        "General And Administrative Expense": 10376000.0,
        "Other Gand A": 10376000.0,
        "Gross Profit": 24934000.0,
        "Cost Of Revenue": 12751000.0,
        "Total Revenue": 37685000.0,
        "Operating Revenue": 37685000.0
    },
    "2022-09-30": {
        "Tax Effect Of Unusual Items": 0.0,
        "Tax Rate For Calcs": 0.21,
        "Normalized EBITDA": -7336000.0,
        "Net Income From Continuing Operation Net Minority Interest": -11818000.0,
        "Reconciled Depreciation": 4071000.0,
        "Reconciled Cost Of Revenue": 13023000.0,
        "EBITDA": -7336000.0,
        "EBIT": -11407000.0,
        "Net Interest Income": -380000.0,
        "Interest Expense": 380000.0,
        "Interest Income": NaN,
        "Normalized Income": -11818000.0,
        "Net Income From Continuing And Discontinued Operation": -11818000.0,
        "Total Expenses": 48088000.0,
        "Total Operating Income As Reported": -11858000.0,
        "Diluted Average Shares": 65143929.0,
        "Basic Average Shares": 65143929.0,
        "Diluted EPS": -0.18,
        "Basic EPS": -0.18,
        "Diluted NI Availto Com Stockholders": -11818000.0,
        "Net Income Common Stockholders": -11818000.0,
        "Net Income": -11818000.0,
        "Net Income Including Noncontrolling Interests": -11818000.0,
        "Net Income Continuous Operations": -11818000.0,
        "Tax Provision": 31000.0,
        "Pretax Income": -11787000.0,
        "Other Income Expense": 451000.0,
        "Other Non Operating Income Expenses": 451000.0,
        "Net Non Operating Interest Income Expense": -380000.0,
        "Interest Expense Non Operating": 380000.0,
        "Interest Income Non Operating": NaN,
        "Operating Income": -11858000.0,
        "Operating Expense": 35065000.0,
        "Research And Development": 7897000.0,
        "Selling General And Administration": 27168000.0,
        "Selling And Marketing Expense": 16292000.0,
        "General And Administrative Expense": 10876000.0,
        "Other Gand A": 10876000.0,
        "Gross Profit": 23207000.0,
        "Cost Of Revenue": 13023000.0,
        "Total Revenue": 36230000.0,
        "Operating Revenue": 36230000.0
    },
    "2022-06-30": {
        "Tax Effect Of Unusual Items": 0.0,
        "Tax Rate For Calcs": 0.4,
        "Normalized EBITDA": -10157000.0,
        "Net Income From Continuing Operation Net Minority Interest": -14815000.0,
        "Reconciled Depreciation": 4307000.0,
        "Reconciled Cost Of Revenue": 13749000.0,
        "EBITDA": -10157000.0,
        "EBIT": -14464000.0,
        "Net Interest Income": -332000.0,
        "Interest Expense": 332000.0,
        "Interest Income": NaN,
        "Normalized Income": -14815000.0,
        "Net Income From Continuing And Discontinued Operation": -14815000.0,
        "Total Expenses": 49521000.0,
        "Total Operating Income As Reported": -14591000.0,
        "Diluted Average Shares": 64963045.0,
        "Basic Average Shares": 64963045.0,
        "Diluted EPS": -0.23,
        "Basic EPS": -0.23,
        "Diluted NI Availto Com Stockholders": -14815000.0,
        "Net Income Common Stockholders": -14815000.0,
        "Net Income": -14815000.0,
        "Net Income Including Noncontrolling Interests": -14815000.0,
        "Net Income Continuous Operations": -14815000.0,
        "Tax Provision": 19000.0,
        "Pretax Income": -14796000.0,
        "Other Income Expense": 127000.0,
        "Other Non Operating Income Expenses": 127000.0,
        "Net Non Operating Interest Income Expense": -332000.0,
        "Interest Expense Non Operating": 332000.0,
        "Interest Income Non Operating": NaN,
        "Operating Income": -14591000.0,
        "Operating Expense": 35772000.0,
        "Research And Development": 7428000.0,
        "Selling General And Administration": 28344000.0,
        "Selling And Marketing Expense": 16747000.0,
        "General And Administrative Expense": 11597000.0,
        "Other Gand A": 11597000.0,
        "Gross Profit": 21181000.0,
        "Cost Of Revenue": 13749000.0,
        "Total Revenue": 34930000.0,
        "Operating Revenue": 34930000.0
    },
    "2022-03-31": {
        "Diluted EPS": -0.21,
        "Total Revenue": 33,
        "Gross Profit": 20,
        "Operating Income": -14,
        "EBIT": -7,
        "Net Income": -14
    },
    "2021-12-31": {
        "Diluted EPS": 0.34,
        "Total Revenue": 32,
        "Gross Profit": 18,
        "Operating Income": -14,
        "EBIT": -8,
        "Net Income": -14
    },
    "2021-09-30": {
        "Diluted EPS": -1.03,
        "Total Revenue": 30,
        "Gross Profit": 17,
        "Operating Income": -14,
        "EBIT": -8,
        "Net Income": -15
    },
    "2021-06-30": {
        "Diluted EPS": -1.12,
        "Total Revenue": 28,
        "Gross Profit": 16,
        "Operating Income": -14,
        "EBIT": -9,
        "Net Income": -15
    },
    "2021-03-31": {
        "Diluted EPS": -0.79,
        "Total Revenue": 26,
        "Gross Profit": 15,
        "Operating Income": -9,
        "EBIT": -4,
        "Net Income": -10
    },
    "2020-12-31": {
        "Diluted EPS": 0.0,
        "Total Revenue": NaN,
        "Gross Profit": NaN,
        "Operating Income": NaN,
        "EBIT": NaN,
        "Net Income": NaN
    },
    "2020-09-30": {
        "Diluted EPS": -0.95,
        "Total Revenue": 21,
        "Gross Profit": 12,
        "Operating Income": -10,
        "EBIT": -10,
        "Net Income": -11
    },
    "2019-12-31": {
        "Diluted EPS": 0.0,
        "Total Revenue": NaN,
        "Gross Profit": NaN,
        "Operating Income": NaN,
        "EBIT": NaN,
        "Net Income": NaN
    },
    "2023-06-30": {
        "Tax Effect Of Unusual Items": 0.0,
        "Tax Rate For Calcs": 0.21,
        "Normalized EBITDA": -4518000.0,
        "Net Income From Continuing Operation Net Minority Interest": -8988000.0,
        "Reconciled Depreciation": 3920000.0,
        "Reconciled Cost Of Revenue": 13626000.0,
        "EBITDA": -4518000.0,
        "EBIT": -8438000.0,
        "Net Interest Income": 26000.0,
        "Interest Expense": 501000.0,
        "Interest Income": 527000.0,
        "Normalized Income": -8988000.0,
        "Net Income From Continuing And Discontinued Operation": -8988000.0,
        "Total Expenses": 51500000.0,
        "Total Operating Income As Reported": -9833000.0,
        "Diluted Average Shares": 66849788.0,
        "Basic Average Shares": 66849788.0,
        "Diluted EPS": -0.13,
        "Basic EPS": -0.13,
        "Diluted NI Availto Com Stockholders": -8988000.0,
        "Net Income Common Stockholders": -8988000.0,
        "Net Income": -8988000.0,
        "Net Income Including Noncontrolling Interests": -8988000.0,
        "Net Income Continuous Operations": -8988000.0,
        "Tax Provision": 49000.0,
        "Pretax Income": -8939000.0,
        "Other Income Expense": 868000.0,
        "Other Non Operating Income Expenses": 868000.0,
        "Net Non Operating Interest Income Expense": 26000.0,
        "Interest Expense Non Operating": 501000.0,
        "Interest Income Non Operating": 527000.0,
        "Operating Income": -9833000.0,
        "Operating Expense": 37874000.0,
        "Research And Development": 8585000.0,
        "Selling General And Administration": 29289000.0,
        "Selling And Marketing Expense": 17455000.0,
        "General And Administrative Expense": 11834000.0,
        "Other Gand A": 11834000.0,
        "Gross Profit": 28041000.0,
        "Cost Of Revenue": 13626000.0,
        "Total Revenue": 41667000.0,
        "Operating Revenue": 41667000.0
    },
    "2023-09-30": {
        "Tax Effect Of Unusual Items": 0.0,
        "Tax Rate For Calcs": 0.21,
        "Normalized EBITDA": -2631000.0,
        "Net Income From Continuing Operation Net Minority Interest": -7145000.0,
        "Reconciled Depreciation": 3923000.0,
        "Reconciled Cost Of Revenue": 13609000.0,
        "EBITDA": -2631000.0,
        "EBIT": -6554000.0,
        "Net Interest Income": 82000.0,
        "Interest Expense": 512000.0,
        "Interest Income": 594000.0,
        "Normalized Income": -7145000.0,
        "Net Income From Continuing And Discontinued Operation": -7145000.0,
        "Total Expenses": 51566000.0,
        "Total Operating Income As Reported": -8022000.0,
        "Diluted Average Shares": 68213250.0,
        "Basic Average Shares": 68213250.0,
        "Diluted EPS": -0.1,
        "Basic EPS": -0.1,
        "Diluted NI Availto Com Stockholders": -7145000.0,
        "Net Income Common Stockholders": -7145000.0,
        "Net Income": -7145000.0,
        "Net Income Including Noncontrolling Interests": -7145000.0,
        "Net Income Continuous Operations": -7145000.0,
        "Tax Provision": 79000.0,
        "Pretax Income": -7066000.0,
        "Other Income Expense": 874000.0,
        "Other Non Operating Income Expenses": 874000.0,
        "Net Non Operating Interest Income Expense": 82000.0,
        "Interest Expense Non Operating": 512000.0,
        "Interest Income Non Operating": 594000.0,
        "Operating Income": -8022000.0,
        "Operating Expense": 37957000.0,
        "Research And Development": 8628000.0,
        "Selling General And Administration": 29329000.0,
        "Selling And Marketing Expense": 17801000.0,
        "General And Administrative Expense": 11528000.0,
        "Other Gand A": 11528000.0,
        "Gross Profit": 29935000.0,
        "Cost Of Revenue": 13609000.0,
        "Total Revenue": 43544000.0,
        "Operating Revenue": 43544000.0
    }
}