{
    "2023-03-31": {
        "Tax Effect Of Unusual Items": NaN,
        "Tax Rate For Calcs": NaN,
        "Normalized EBITDA": NaN,
        "Total Unusual Items": NaN,
        "Total Unusual Items Excluding Goodwill": NaN,
        "Net Income From Continuing Operation Net Minority Interest": NaN,
        "Reconciled Depreciation": NaN,
        "Reconciled Cost Of Revenue": NaN,
        "EBITDA": NaN,
        "EBIT": NaN,
        "Net Interest Income": NaN,
        "Interest Expense": NaN,
        "Normalized Income": NaN,
        "Net Income From Continuing And Discontinued Operation": NaN,
        "Total Expenses": NaN,
        "Rent Expense Supplemental": NaN,
        "Total Operating Income As Reported": NaN,
        "Diluted Average Shares": NaN,
        "Basic Average Shares": NaN,
        "Diluted EPS": NaN,
        "Basic EPS": NaN,
        "Diluted NI Availto Com Stockholders": NaN,
        "Net Income Common Stockholders": NaN,
        "Net Income": NaN,
        "Net Income Including Noncontrolling Interests": NaN,
        "Net Income Continuous Operations": NaN,
        "Tax Provision": NaN,
        "Pretax Income": NaN,
        "Other Income Expense": NaN,
        "Other Non Operating Income Expenses": NaN,
        "Special Income Charges": NaN,
        "Other Special Charges": 1266000.0,
        "Impairment Of Capital Assets": NaN,
        "Restructuring And Mergern Acquisition": NaN,
        "Earnings From Equity Interest": 2100000.0,
        "Gain On Sale Of Security": -3562000.0,
        "Net Non Operating Interest Income Expense": NaN,
        "Interest Expense Non Operating": NaN,
        "Operating Income": NaN,
        "Operating Expense": NaN,
        "Other Operating Expenses": NaN,
        "Depreciation Amortization Depletion Income Statement": NaN,
        "Depreciation And Amortization In Income Statement": NaN,
        "Amortization": NaN,
        "Amortization Of Intangibles Income Statement": NaN,
        "Depreciation Income Statement": NaN,
        "Selling General And Administration": NaN,
        "General And Administrative Expense": NaN,
        "Other Gand A": NaN,
        "Salaries And Wages": 3800000.0,
        "Gross Profit": NaN,
        "Cost Of Revenue": NaN,
        "Total Revenue": NaN,
        "Operating Revenue": NaN
    },
    "2022-12-31": {
        "Tax Effect Of Unusual Items": NaN,
        "Tax Rate For Calcs": NaN,
        "Normalized EBITDA": NaN,
        "Total Unusual Items": NaN,
        "Total Unusual Items Excluding Goodwill": NaN,
        "Net Income From Continuing Operation Net Minority Interest": NaN,
        "Reconciled Depreciation": NaN,
        "Reconciled Cost Of Revenue": NaN,
        "EBITDA": NaN,
        "EBIT": NaN,
        "Net Interest Income": NaN,
        "Interest Expense": NaN,
        "Normalized Income": NaN,
        "Net Income From Continuing And Discontinued Operation": NaN,
        "Total Expenses": NaN,
        "Rent Expense Supplemental": NaN,
        "Total Operating Income As Reported": NaN,
        "Diluted Average Shares": NaN,
        "Basic Average Shares": NaN,
        "Diluted EPS": NaN,
        "Basic EPS": NaN,
        "Diluted NI Availto Com Stockholders": NaN,
        "Net Income Common Stockholders": NaN,
        "Net Income": NaN,
        "Net Income Including Noncontrolling Interests": NaN,
        "Net Income Continuous Operations": NaN,
        "Tax Provision": NaN,
        "Pretax Income": NaN,
        "Other Income Expense": NaN,
        "Other Non Operating Income Expenses": NaN,
        "Special Income Charges": NaN,
        "Other Special Charges": NaN,
        "Impairment Of Capital Assets": NaN,
        "Restructuring And Mergern Acquisition": NaN,
        "Earnings From Equity Interest": NaN,
        "Gain On Sale Of Security": 0.0,
        "Net Non Operating Interest Income Expense": NaN,
        "Interest Expense Non Operating": NaN,
        "Operating Income": NaN,
        "Operating Expense": NaN,
        "Other Operating Expenses": NaN,
        "Depreciation Amortization Depletion Income Statement": NaN,
        "Depreciation And Amortization In Income Statement": NaN,
        "Amortization": NaN,
        "Amortization Of Intangibles Income Statement": NaN,
        "Depreciation Income Statement": NaN,
        "Selling General And Administration": NaN,
        "General And Administrative Expense": NaN,
        "Other Gand A": NaN,
        "Salaries And Wages": NaN,
        "Gross Profit": NaN,
        "Cost Of Revenue": NaN,
        "Total Revenue": NaN,
        "Operating Revenue": NaN
    },
    "2022-09-30": {
        "Tax Effect Of Unusual Items": NaN,
        "Tax Rate For Calcs": NaN,
        "Normalized EBITDA": NaN,
        "Total Unusual Items": NaN,
        "Total Unusual Items Excluding Goodwill": NaN,
        "Net Income From Continuing Operation Net Minority Interest": NaN,
        "Reconciled Depreciation": NaN,
        "Reconciled Cost Of Revenue": NaN,
        "EBITDA": NaN,
        "EBIT": NaN,
        "Net Interest Income": NaN,
        "Interest Expense": NaN,
        "Normalized Income": NaN,
        "Net Income From Continuing And Discontinued Operation": NaN,
        "Total Expenses": NaN,
        "Rent Expense Supplemental": NaN,
        "Total Operating Income As Reported": NaN,
        "Diluted Average Shares": NaN,
        "Basic Average Shares": NaN,
        "Diluted EPS": NaN,
        "Basic EPS": NaN,
        "Diluted NI Availto Com Stockholders": NaN,
        "Net Income Common Stockholders": NaN,
        "Net Income": NaN,
        "Net Income Including Noncontrolling Interests": NaN,
        "Net Income Continuous Operations": NaN,
        "Tax Provision": NaN,
        "Pretax Income": NaN,
        "Other Income Expense": NaN,
        "Other Non Operating Income Expenses": NaN,
        "Special Income Charges": NaN,
        "Other Special Charges": -8600000.0,
        "Impairment Of Capital Assets": NaN,
        "Restructuring And Mergern Acquisition": NaN,
        "Earnings From Equity Interest": 2600000.0,
        "Gain On Sale Of Security": NaN,
        "Net Non Operating Interest Income Expense": NaN,
        "Interest Expense Non Operating": NaN,
        "Operating Income": NaN,
        "Operating Expense": NaN,
        "Other Operating Expenses": NaN,
        "Depreciation Amortization Depletion Income Statement": NaN,
        "Depreciation And Amortization In Income Statement": NaN,
        "Amortization": NaN,
        "Amortization Of Intangibles Income Statement": NaN,
        "Depreciation Income Statement": NaN,
        "Selling General And Administration": NaN,
        "General And Administrative Expense": NaN,
        "Other Gand A": NaN,
        "Salaries And Wages": 5000000.0,
        "Gross Profit": NaN,
        "Cost Of Revenue": NaN,
        "Total Revenue": NaN,
        "Operating Revenue": NaN
    },
    "2022-06-30": {
        "Tax Effect Of Unusual Items": -149952.0,
        "Tax Rate For Calcs": 0.264,
        "Normalized EBITDA": 131511000.0,
        "Total Unusual Items": -568000.0,
        "Total Unusual Items Excluding Goodwill": -568000.0,
        "Net Income From Continuing Operation Net Minority Interest": 48151000.0,
        "Reconciled Depreciation": 33428000.0,
        "Reconciled Cost Of Revenue": 387546000.0,
        "EBITDA": 130943000.0,
        "EBIT": 97515000.0,
        "Net Interest Income": -32125000.0,
        "Interest Expense": 32125000.0,
        "Normalized Income": 48569048.0,
        "Net Income From Continuing And Discontinued Operation": 48151000.0,
        "Total Expenses": 445074000.0,
        "Total Operating Income As Reported": 96281000.0,
        "Diluted Average Shares": 215242000.0,
        "Basic Average Shares": 213673000.0,
        "Diluted EPS": 0.22,
        "Basic EPS": 0.23,
        "Diluted NI Availto Com Stockholders": 48151000.0,
        "Net Income Common Stockholders": 48151000.0,
        "Net Income": 48151000.0,
        "Net Income Including Noncontrolling Interests": 48151000.0,
        "Net Income Continuous Operations": 48151000.0,
        "Tax Provision": 17239000.0,
        "Pretax Income": 65390000.0,
        "Other Income Expense": 4870000.0,
        "Other Non Operating Income Expenses": 2938000.0,
        "Special Income Charges": -564000.0,
        "Other Special Charges": NaN,
        "Impairment Of Capital Assets": 1860000.0,
        "Restructuring And Mergern Acquisition": -1296000.0,
        "Earnings From Equity Interest": 2500000.0,
        "Gain On Sale Of Security": -4000.0,
        "Net Non Operating Interest Income Expense": -32125000.0,
        "Interest Expense Non Operating": 32125000.0,
        "Operating Income": 92709000.0,
        "Operating Expense": 57528000.0,
        "Other Operating Expenses": -200000.0,
        "Depreciation Amortization Depletion Income Statement": 33428000.0,
        "Depreciation And Amortization In Income Statement": 33428000.0,
        "Selling General And Administration": 24300000.0,
        "General And Administrative Expense": 24300000.0,
        "Other Gand A": 24300000.0,
        "Salaries And Wages": 37300000.0,
        "Gross Profit": 150237000.0,
        "Cost Of Revenue": 387546000.0,
        "Total Revenue": 537783000.0,
        "Operating Revenue": 537783000.0
    },
    "2022-03-31": {
        "Diluted EPS": 0.17,
        "Total Revenue": 489,
        "Gross Profit": 292,
        "Operating Income": 75,
        "EBIT": 108,
        "Net Income": 37
    },
    "2021-12-31": {
        "Diluted EPS": 0.24,
        "Total Revenue": 473,
        "Gross Profit": 303,
        "Operating Income": 77,
        "EBIT": 109,
        "Net Income": 52
    },
    "2021-09-30": {
        "Diluted EPS": 0.18,
        "Total Revenue": 470,
        "Gross Profit": 313,
        "Operating Income": 80,
        "EBIT": 111,
        "Net Income": 41
    },
    "2021-06-30": {
        "Diluted EPS": 0.29,
        "Total Revenue": 493,
        "Gross Profit": 330,
        "Operating Income": 127,
        "EBIT": 158,
        "Net Income": 66
    },
    "2021-03-31": {
        "Diluted EPS": 0.18,
        "Total Revenue": 460,
        "Gross Profit": 296,
        "Operating Income": 83,
        "EBIT": 115,
        "Net Income": 41
    },
    "2020-12-31": {
        "Diluted EPS": 0.18,
        "Total Revenue": 474,
        "Gross Profit": 303,
        "Operating Income": 79,
        "EBIT": 113,
        "Net Income": 39
    },
    "2020-09-30": {
        "Diluted EPS": 0.17,
        "Total Revenue": 452,
        "Gross Profit": 287,
        "Operating Income": 81,
        "EBIT": 114,
        "Net Income": 40
    },
    "2020-06-30": {
        "Diluted EPS": 0.11,
        "Total Revenue": 402,
        "Gross Profit": 256,
        "Operating Income": 61,
        "EBIT": 95,
        "Net Income": 25
    },
    "2020-03-31": {
        "Diluted EPS": 0.06,
        "Total Revenue": 405,
        "Gross Profit": 247,
        "Operating Income": 49,
        "EBIT": 80,
        "Net Income": 14
    },
    "2019-12-31": {
        "Diluted EPS": 0.1,
        "Total Revenue": 427,
        "Gross Profit": 252,
        "Operating Income": 37,
        "EBIT": 70,
        "Net Income": 27
    },
    "2019-09-30": {
        "Diluted EPS": 0.2,
        "Total Revenue": 438,
        "Gross Profit": 276,
        "Operating Income": 79,
        "EBIT": 112,
        "Net Income": 46
    },
    "2019-06-30": {
        "Diluted EPS": 0.14,
        "Total Revenue": 435,
        "Gross Profit": 280,
        "Operating Income": 81,
        "EBIT": 112,
        "Net Income": 32
    },
    "2019-03-31": {
        "Diluted EPS": 0.14,
        "Total Revenue": 409,
        "Gross Profit": 260,
        "Operating Income": 66,
        "EBIT": 99,
        "Net Income": 32
    },
    "2018-12-31": {
        "Diluted EPS": 0.08,
        "Total Revenue": 398,
        "Gross Profit": 252,
        "Operating Income": 46,
        "EBIT": 80,
        "Net Income": 19
    },
    "2018-09-30": {
        "Diluted EPS": 1.6,
        "Total Revenue": 401,
        "Gross Profit": 256,
        "Operating Income": 77,
        "EBIT": 106,
        "Net Income": 391
    },
    "2018-06-30": {
        "Diluted EPS": 0.12,
        "Total Revenue": 411,
        "Gross Profit": 266,
        "Operating Income": 71,
        "EBIT": 105,
        "Net Income": 30
    },
    "2018-03-31": {
        "Diluted EPS": 0.08,
        "Total Revenue": 381,
        "Gross Profit": 242,
        "Operating Income": 55,
        "EBIT": 87,
        "Net Income": 20
    },
    "2017-12-31": {
        "Diluted EPS": 0.63,
        "Total Revenue": 309,
        "Gross Profit": 175,
        "Operating Income": 67,
        "EBIT": 101,
        "Net Income": 159
    },
    "2017-09-30": {
        "Diluted EPS": 0.06,
        "Total Revenue": 308,
        "Gross Profit": 171,
        "Operating Income": 62,
        "EBIT": 93,
        "Net Income": 14
    },
    "2017-06-30": {
        "Diluted EPS": -0.01,
        "Total Revenue": 320,
        "Gross Profit": 186,
        "Operating Income": 26,
        "EBIT": 55,
        "Net Income": -2
    },
    "2017-03-31": {
        "Diluted EPS": 0.09,
        "Total Revenue": 286,
        "Gross Profit": 158,
        "Operating Income": 61,
        "EBIT": 92,
        "Net Income": 22
    },
    "2016-12-31": {
        "Diluted EPS": 0.12,
        "Total Revenue": 310,
        "Gross Profit": 155,
        "Operating Income": 79,
        "EBIT": 104,
        "Net Income": 29
    },
    "2016-09-30": {
        "Diluted EPS": 0.18,
        "Total Revenue": 364,
        "Gross Profit": 177,
        "Operating Income": 106,
        "EBIT": 137,
        "Net Income": 49
    },
    "2016-06-30": {
        "Diluted EPS": 0.1,
        "Total Revenue": 383,
        "Gross Profit": 180,
        "Operating Income": 66,
        "EBIT": 99,
        "Net Income": 26
    },
    "2016-03-31": {
        "Diluted EPS": 0.09,
        "Total Revenue": 379,
        "Gross Profit": 164,
        "Operating Income": 64,
        "EBIT": 99,
        "Net Income": 25
    },
    "2015-12-31": {
        "Diluted EPS": 0.28,
        "Total Revenue": 464,
        "Gross Profit": 192,
        "Operating Income": 116,
        "EBIT": 151,
        "Net Income": 86
    },
    "2015-09-30": {
        "Diluted EPS": 0.03,
        "Total Revenue": 465,
        "Gross Profit": 173,
        "Operating Income": 56,
        "EBIT": 94,
        "Net Income": 8
    },
    "2015-06-30": {
        "Diluted EPS": 0.11,
        "Total Revenue": 490,
        "Gross Profit": 174,
        "Operating Income": 64,
        "EBIT": 107,
        "Net Income": 40
    },
    "2015-03-31": {
        "Diluted EPS": 0.07,
        "Total Revenue": 452,
        "Gross Profit": 147,
        "Operating Income": 38,
        "EBIT": 75,
        "Net Income": 28
    },
    "2014-12-31": {
        "Diluted EPS": 0.06,
        "Total Revenue": 473,
        "Gross Profit": 159,
        "Operating Income": 48,
        "EBIT": 90,
        "Net Income": 23
    },
    "2014-09-30": {
        "Diluted EPS": 0.06,
        "Total Revenue": 497,
        "Gross Profit": 164,
        "Operating Income": 44,
        "EBIT": 79,
        "Net Income": 23
    },
    "2014-06-30": {
        "Diluted EPS": 0.08,
        "Total Revenue": 506,
        "Gross Profit": 171,
        "Operating Income": 61,
        "EBIT": 101,
        "Net Income": 29
    },
    "2014-03-31": {
        "Diluted EPS": 0.12,
        "Total Revenue": 523,
        "Gross Profit": 149,
        "Operating Income": 89,
        "EBIT": 132,
        "Net Income": 46
    },
    "2013-12-31": {
        "Diluted EPS": 0.08,
        "Total Revenue": 529,
        "Gross Profit": 151,
        "Operating Income": 33,
        "EBIT": 94,
        "Net Income": 33
    },
    "2013-09-30": {
        "Diluted EPS": -0.01,
        "Total Revenue": 641,
        "Gross Profit": 172,
        "Operating Income": 27,
        "EBIT": 73,
        "Net Income": -2
    },
    "2013-06-30": {
        "Diluted EPS": 0.03,
        "Total Revenue": 651,
        "Gross Profit": 177,
        "Operating Income": 57,
        "EBIT": 97,
        "Net Income": 12
    },
    "2013-03-31": {
        "Diluted EPS": 0.01,
        "Total Revenue": 604,
        "Gross Profit": 143,
        "Operating Income": 22,
        "EBIT": 76,
        "Net Income": 2
    },
    "2012-12-31": {
        "Diluted EPS": 0.07,
        "Total Revenue": 630,
        "Gross Profit": 166,
        "Operating Income": 32,
        "EBIT": 75,
        "Net Income": 26
    },
    "2012-09-30": {
        "Diluted EPS": -0.07,
        "Total Revenue": 636,
        "Gross Profit": 158,
        "Operating Income": 31,
        "EBIT": 74,
        "Net Income": -26
    },
    "2012-06-30": {
        "Diluted EPS": -0.01,
        "Total Revenue": 646,
        "Gross Profit": 163,
        "Operating Income": 38,
        "EBIT": 76,
        "Net Income": -5
    },
    "2012-03-31": {
        "Diluted EPS": 0.03,
        "Total Revenue": 593,
        "Gross Profit": 138,
        "Operating Income": 21,
        "EBIT": 55,
        "Net Income": 12
    },
    "2011-12-31": {
        "Diluted EPS": 0.0,
        "Total Revenue": 615,
        "Gross Profit": 161,
        "Operating Income": 29,
        "EBIT": 63,
        "Net Income": 4
    },
    "2011-09-30": {
        "Diluted EPS": -0.01,
        "Total Revenue": 611,
        "Gross Profit": 153,
        "Operating Income": 32,
        "EBIT": 65,
        "Net Income": -4
    },
    "2011-06-30": {
        "Diluted EPS": 0.03,
        "Total Revenue": 622,
        "Gross Profit": 158,
        "Operating Income": 47,
        "EBIT": 90,
        "Net Income": 11
    },
    "2011-03-31": {
        "Diluted EPS": 0.0,
        "Total Revenue": 582,
        "Gross Profit": 144,
        "Operating Income": 28,
        "EBIT": 71,
        "Net Income": -1
    },
    "2010-12-31": {
        "Diluted EPS": -0.03,
        "Total Revenue": 330,
        "Gross Profit": 108,
        "Operating Income": 45,
        "EBIT": 90,
        "Net Income": -11
    },
    "2010-09-30": {
        "Diluted EPS": 0.0,
        "Total Revenue": 601,
        "Gross Profit": 149,
        "Operating Income": 20,
        "EBIT": 66,
        "Net Income": -1
    },
    "2010-06-30": {
        "Diluted EPS": 0.03,
        "Total Revenue": 607,
        "Gross Profit": 165,
        "Operating Income": 59,
        "EBIT": 102,
        "Net Income": 11
    },
    "2010-03-31": {
        "Diluted EPS": -0.01,
        "Total Revenue": 837,
        "Gross Profit": 196,
        "Operating Income": 26,
        "EBIT": 74,
        "Net Income": -3
    },
    "2009-12-31": {
        "Diluted EPS": -0.03,
        "Total Revenue": 901,
        "Gross Profit": 219,
        "Operating Income": -15,
        "EBIT": 32,
        "Net Income": -14
    },
    "2009-09-30": {
        "Diluted EPS": 0.03,
        "Total Revenue": 903,
        "Gross Profit": 219,
        "Operating Income": 57,
        "EBIT": 104,
        "Net Income": 15
    },
    "2009-06-30": {
        "Diluted EPS": 0.03,
        "Total Revenue": 913,
        "Gross Profit": 226,
        "Operating Income": 57,
        "EBIT": 96,
        "Net Income": 15
    },
    "2009-03-31": {
        "Diluted EPS": -0.02,
        "Total Revenue": 864,
        "Gross Profit": 188,
        "Operating Income": 14,
        "EBIT": 71,
        "Net Income": -11
    },
    "2023-06-30": {
        "Tax Effect Of Unusual Items": NaN,
        "Tax Rate For Calcs": NaN,
        "Normalized EBITDA": NaN,
        "Total Unusual Items": NaN,
        "Total Unusual Items Excluding Goodwill": NaN,
        "Net Income From Continuing Operation Net Minority Interest": NaN,
        "Reconciled Depreciation": NaN,
        "Reconciled Cost Of Revenue": NaN,
        "EBITDA": NaN,
        "EBIT": NaN,
        "Net Interest Income": NaN,
        "Interest Expense": NaN,
        "Normalized Income": NaN,
        "Net Income From Continuing And Discontinued Operation": NaN,
        "Total Expenses": NaN,
        "Rent Expense Supplemental": NaN,
        "Total Operating Income As Reported": NaN,
        "Diluted Average Shares": NaN,
        "Basic Average Shares": NaN,
        "Diluted EPS": NaN,
        "Basic EPS": NaN,
        "Diluted NI Availto Com Stockholders": NaN,
        "Net Income Common Stockholders": NaN,
        "Net Income": NaN,
        "Net Income Including Noncontrolling Interests": NaN,
        "Net Income Continuous Operations": NaN,
        "Tax Provision": NaN,
        "Pretax Income": NaN,
        "Other Income Expense": NaN,
        "Other Non Operating Income Expenses": NaN,
        "Special Income Charges": NaN,
        "Other Special Charges": 100000.0,
        "Impairment Of Capital Assets": NaN,
        "Restructuring And Mergern Acquisition": NaN,
        "Earnings From Equity Interest": 2900000.0,
        "Gain On Sale Of Security": -6827000.0,
        "Net Non Operating Interest Income Expense": NaN,
        "Interest Expense Non Operating": NaN,
        "Operating Income": NaN,
        "Operating Expense": NaN,
        "Other Operating Expenses": NaN,
        "Depreciation Amortization Depletion Income Statement": NaN,
        "Depreciation And Amortization In Income Statement": NaN,
        "Amortization": NaN,
        "Amortization Of Intangibles Income Statement": NaN,
        "Depreciation Income Statement": NaN,
        "Selling General And Administration": NaN,
        "General And Administrative Expense": NaN,
        "Other Gand A": NaN,
        "Salaries And Wages": 5400000.0,
        "Gross Profit": NaN,
        "Cost Of Revenue": NaN,
        "Total Revenue": NaN,
        "Operating Revenue": NaN
    },
    "2023-09-30": {
        "Tax Effect Of Unusual Items": -221975.976092,
        "Tax Rate For Calcs": 0.255438,
        "Normalized EBITDA": 147922000.0,
        "Total Unusual Items": -869000.0,
        "Total Unusual Items Excluding Goodwill": -869000.0,
        "Net Income From Continuing Operation Net Minority Interest": 58049000.0,
        "Reconciled Depreciation": 38132000.0,
        "Reconciled Cost Of Revenue": 354099000.0,
        "EBITDA": 147053000.0,
        "EBIT": 108921000.0,
        "Net Interest Income": -30957000.0,
        "Interest Expense": 30957000.0,
        "Normalized Income": 58696024.023908,
        "Net Income From Continuing And Discontinued Operation": 58049000.0,
        "Total Expenses": 448402000.0,
        "Rent Expense Supplemental": 31876000.0,
        "Total Operating Income As Reported": 101603000.0,
        "Diluted Average Shares": 210602000.0,
        "Basic Average Shares": 208834000.0,
        "Diluted EPS": 0.28,
        "Basic EPS": 0.28,
        "Diluted NI Availto Com Stockholders": 58049000.0,
        "Net Income Common Stockholders": 58049000.0,
        "Net Income": 58049000.0,
        "Net Income Including Noncontrolling Interests": 58049000.0,
        "Net Income Continuous Operations": 58049000.0,
        "Tax Provision": 19915000.0,
        "Pretax Income": 77964000.0,
        "Other Income Expense": 6768000.0,
        "Other Non Operating Income Expenses": 7637000.0,
        "Special Income Charges": -869000.0,
        "Other Special Charges": 319000.0,
        "Impairment Of Capital Assets": 59000.0,
        "Restructuring And Mergern Acquisition": 491000.0,
        "Earnings From Equity Interest": NaN,
        "Gain On Sale Of Security": NaN,
        "Net Non Operating Interest Income Expense": -30957000.0,
        "Interest Expense Non Operating": 30957000.0,
        "Operating Income": 102153000.0,
        "Operating Expense": 94303000.0,
        "Other Operating Expenses": -3117000.0,
        "Depreciation Amortization Depletion Income Statement": 38132000.0,
        "Depreciation And Amortization In Income Statement": 38132000.0,
        "Amortization": 3844000.0,
        "Amortization Of Intangibles Income Statement": 3844000.0,
        "Depreciation Income Statement": 34288000.0,
        "Selling General And Administration": 59288000.0,
        "General And Administrative Expense": 59288000.0,
        "Other Gand A": 59288000.0,
        "Salaries And Wages": 6400000.0,
        "Gross Profit": 196456000.0,
        "Cost Of Revenue": 354099000.0,
        "Total Revenue": 550555000.0,
        "Operating Revenue": 550555000.0
    },
    "2023-12-31": {
        "Tax Effect Of Unusual Items": 868612.581551,
        "Tax Rate For Calcs": 0.302442,
        "Normalized EBITDA": 134297000.0,
        "Total Unusual Items": 2872000.0,
        "Total Unusual Items Excluding Goodwill": 2872000.0,
        "Net Income From Continuing Operation Net Minority Interest": 46938000.0,
        "Reconciled Depreciation": 39617000.0,
        "Reconciled Cost Of Revenue": 331714000.0,
        "EBITDA": 137169000.0,
        "EBIT": 97552000.0,
        "Net Interest Income": -30263000.0,
        "Interest Expense": 30263000.0,
        "Normalized Income": 44934612.581551,
        "Net Income From Continuing And Discontinued Operation": 46938000.0,
        "Total Expenses": 453227000.0,
        "Rent Expense Supplemental": 30470000.0,
        "Total Operating Income As Reported": 86629000.0,
        "Diluted Average Shares": 207578000.0,
        "Basic Average Shares": 205938000.0,
        "Diluted EPS": 0.23,
        "Basic EPS": 0.23,
        "Diluted NI Availto Com Stockholders": 46938000.0,
        "Net Income Common Stockholders": 46938000.0,
        "Net Income": 46938000.0,
        "Net Income Including Noncontrolling Interests": 46938000.0,
        "Net Income Continuous Operations": 46938000.0,
        "Tax Provision": 20351000.0,
        "Pretax Income": 67289000.0,
        "Other Income Expense": 9896000.0,
        "Other Non Operating Income Expenses": 7024000.0,
        "Special Income Charges": 2841000.0,
        "Other Special Charges": -4068000.0,
        "Impairment Of Capital Assets": 888000.0,
        "Restructuring And Mergern Acquisition": 339000.0,
        "Earnings From Equity Interest": NaN,
        "Gain On Sale Of Security": 31000.0,
        "Net Non Operating Interest Income Expense": -30263000.0,
        "Interest Expense Non Operating": 30263000.0,
        "Operating Income": 87424000.0,
        "Operating Expense": 121513000.0,
        "Other Operating Expenses": -4168000.0,
        "Depreciation Amortization Depletion Income Statement": 39617000.0,
        "Depreciation And Amortization In Income Statement": 39617000.0,
        "Amortization": 5086000.0,
        "Amortization Of Intangibles Income Statement": 5086000.0,
        "Depreciation Income Statement": 34531000.0,
        "Selling General And Administration": 86064000.0,
        "General And Administrative Expense": 86064000.0,
        "Other Gand A": 101764000.0,
        "Salaries And Wages": NaN,
        "Gross Profit": 208937000.0,
        "Cost Of Revenue": 331714000.0,
        "Total Revenue": 540651000.0,
        "Operating Revenue": 540651000.0
    },
    "2024-03-31": {
        "Tax Effect Of Unusual Items": -2099814.0,
        "Tax Rate For Calcs": 0.269,
        "Normalized EBITDA": 134858000.0,
        "Total Unusual Items": -7806000.0,
        "Total Unusual Items Excluding Goodwill": -7806000.0,
        "Net Income From Continuing Operation Net Minority Interest": 41993000.0,
        "Reconciled Depreciation": 39060000.0,
        "Reconciled Cost Of Revenue": 380607000.0,
        "EBITDA": 127052000.0,
        "EBIT": 87992000.0,
        "Net Interest Income": -30535000.0,
        "Interest Expense": 30535000.0,
        "Normalized Income": 47699186.0,
        "Net Income From Continuing And Discontinued Operation": 41993000.0,
        "Total Expenses": 448367000.0,
        "Rent Expense Supplemental": 31778000.0,
        "Total Operating Income As Reported": 81156000.0,
        "Diluted Average Shares": 206971000.0,
        "Basic Average Shares": 205372000.0,
        "Diluted EPS": 0.2,
        "Basic EPS": 0.2,
        "Diluted NI Availto Com Stockholders": 41993000.0,
        "Net Income Common Stockholders": 41993000.0,
        "Net Income": 41993000.0,
        "Net Income Including Noncontrolling Interests": 41993000.0,
        "Net Income Continuous Operations": 41993000.0,
        "Tax Provision": 15464000.0,
        "Pretax Income": 57457000.0,
        "Other Income Expense": 1530000.0,
        "Other Non Operating Income Expenses": 6836000.0,
        "Special Income Charges": -7806000.0,
        "Other Special Charges": NaN,
        "Impairment Of Capital Assets": 2006000.0,
        "Restructuring And Mergern Acquisition": 5800000.0,
        "Earnings From Equity Interest": 2500000.0,
        "Gain On Sale Of Security": NaN,
        "Net Non Operating Interest Income Expense": -30535000.0,
        "Interest Expense Non Operating": 30535000.0,
        "Operating Income": 86386000.0,
        "Operating Expense": 67760000.0,
        "Other Operating Expenses": -500000.0,
        "Depreciation Amortization Depletion Income Statement": 39060000.0,
        "Depreciation And Amortization In Income Statement": 39060000.0,
        "Amortization": 3542000.0,
        "Amortization Of Intangibles Income Statement": 3542000.0,
        "Depreciation Income Statement": 35518000.0,
        "Selling General And Administration": 29200000.0,
        "General And Administrative Expense": 29200000.0,
        "Other Gand A": 23500000.0,
        "Salaries And Wages": 5700000.0,
        "Gross Profit": 154146000.0,
        "Cost Of Revenue": 380607000.0,
        "Total Revenue": 534753000.0,
        "Operating Revenue": 534753000.0
    },
    "2024-06-30": {
        "Tax Effect Of Unusual Items": -769500.0,
        "Tax Rate For Calcs": 0.27,
        "Normalized EBITDA": 149679000.0,
        "Total Unusual Items": -2850000.0,
        "Total Unusual Items Excluding Goodwill": -2850000.0,
        "Net Income From Continuing Operation Net Minority Interest": 54643000.0,
        "Reconciled Depreciation": 41011000.0,
        "Reconciled Cost Of Revenue": 408315000.0,
        "EBITDA": 146829000.0,
        "EBIT": 105818000.0,
        "Net Interest Income": -30995000.0,
        "Interest Expense": 30995000.0,
        "Normalized Income": 56723500.0,
        "Net Income From Continuing And Discontinued Operation": 54643000.0,
        "Total Expenses": 471326000.0,
        "Rent Expense Supplemental": 32390000.0,
        "Total Operating Income As Reported": 99507000.0,
        "Diluted Average Shares": 206185000.0,
        "Basic Average Shares": 204919000.0,
        "Diluted EPS": 0.27,
        "Basic EPS": 0.27,
        "Diluted NI Availto Com Stockholders": 54643000.0,
        "Net Income Common Stockholders": 54643000.0,
        "Net Income": 54643000.0,
        "Net Income Including Noncontrolling Interests": 54643000.0,
        "Net Income Continuous Operations": 54643000.0,
        "Tax Provision": 20180000.0,
        "Pretax Income": 74823000.0,
        "Other Income Expense": 6450000.0,
        "Other Non Operating Income Expenses": 6300000.0,
        "Special Income Charges": -2861000.0,
        "Other Special Charges": NaN,
        "Impairment Of Capital Assets": 689000.0,
        "Restructuring And Mergern Acquisition": 2172000.0,
        "Earnings From Equity Interest": 3000000.0,
        "Gain On Sale Of Security": 11000.0,
        "Net Non Operating Interest Income Expense": -30995000.0,
        "Interest Expense Non Operating": 30995000.0,
        "Operating Income": 99401000.0,
        "Operating Expense": 63011000.0,
        "Other Operating Expenses": -500000.0,
        "Depreciation Amortization Depletion Income Statement": 41011000.0,
        "Depreciation And Amortization In Income Statement": 41011000.0,
        "Amortization": 3519000.0,
        "Amortization Of Intangibles Income Statement": 3519000.0,
        "Depreciation Income Statement": 37492000.0,
        "Selling General And Administration": 22500000.0,
        "General And Administrative Expense": 22500000.0,
        "Other Gand A": 17100000.0,
        "Salaries And Wages": 5400000.0,
        "Gross Profit": 162412000.0,
        "Cost Of Revenue": 408315000.0,
        "Total Revenue": 570727000.0,
        "Operating Revenue": 570727000.0
    },
    "2024-09-30": {
        "Tax Effect Of Unusual Items": -31238.948472,
        "Tax Rate For Calcs": 0.278919,
        "Normalized EBITDA": 141605000.0,
        "Total Unusual Items": -112000.0,
        "Total Unusual Items Excluding Goodwill": -112000.0,
        "Net Income From Continuing Operation Net Minority Interest": 50224000.0,
        "Reconciled Depreciation": 40572000.0,
        "Reconciled Cost Of Revenue": 373654000.0,
        "EBITDA": 141493000.0,
        "EBIT": 100921000.0,
        "Net Interest Income": -31270000.0,
        "Interest Expense": 31270000.0,
        "Normalized Income": 50304761.051528,
        "Net Income From Continuing And Discontinued Operation": 50224000.0,
        "Total Expenses": 471952000.0,
        "Rent Expense Supplemental": 32237000.0,
        "Total Operating Income As Reported": 94675000.0,
        "Diluted Average Shares": 204254000.0,
        "Basic Average Shares": 203264000.0,
        "Diluted EPS": 0.25,
        "Basic EPS": 0.25,
        "Diluted NI Availto Com Stockholders": 50224000.0,
        "Net Income Common Stockholders": 50224000.0,
        "Net Income": 50224000.0,
        "Net Income Including Noncontrolling Interests": 50224000.0,
        "Net Income Continuous Operations": 50224000.0,
        "Tax Provision": 19427000.0,
        "Pretax Income": 69651000.0,
        "Other Income Expense": 6134000.0,
        "Other Non Operating Income Expenses": 6246000.0,
        "Special Income Charges": -112000.0,
        "Other Special Charges": NaN,
        "Impairment Of Capital Assets": 178000.0,
        "Restructuring And Mergern Acquisition": -66000.0,
        "Earnings From Equity Interest": NaN,
        "Gain On Sale Of Security": NaN,
        "Net Non Operating Interest Income Expense": -31270000.0,
        "Interest Expense Non Operating": 31270000.0,
        "Operating Income": 94787000.0,
        "Operating Expense": 98298000.0,
        "Other Operating Expenses": -5068000.0,
        "Depreciation Amortization Depletion Income Statement": 40572000.0,
        "Depreciation And Amortization In Income Statement": 40572000.0,
        "Amortization": 3576000.0,
        "Amortization Of Intangibles Income Statement": 3576000.0,
        "Depreciation Income Statement": 36996000.0,
        "Selling General And Administration": 62794000.0,
        "General And Administrative Expense": 62794000.0,
        "Other Gand A": 62794000.0,
        "Salaries And Wages": NaN,
        "Gross Profit": 193085000.0,
        "Cost Of Revenue": 373654000.0,
        "Total Revenue": 566739000.0,
        "Operating Revenue": 566739000.0
    }
}