{
    "2023-03-31": {
        "Tax Effect Of Unusual Items": -422310.0,
        "Tax Rate For Calcs": 0.21,
        "Normalized EBITDA": 5229000.0,
        "Total Unusual Items": -2011000.0,
        "Total Unusual Items Excluding Goodwill": -2011000.0,
        "Net Income From Continuing Operation Net Minority Interest": -4341000.0,
        "Reconciled Depreciation": 5874000.0,
        "Reconciled Cost Of Revenue": 171144000.0,
        "EBITDA": 3218000.0,
        "EBIT": -2656000.0,
        "Net Interest Income": -6029000.0,
        "Interest Expense": 6029000.0,
        "Normalized Income": -2752310.0,
        "Net Income From Continuing And Discontinued Operation": -4341000.0,
        "Total Expenses": 205266000.0,
        "Total Operating Income As Reported": -7364000.0,
        "Diluted NI Availto Com Stockholders": -4770000.0,
        "Net Income Common Stockholders": -4770000.0,
        "Otherunder Preferred Stock Dividend": NaN,
        "Preferred Stock Dividends": 429000.0,
        "Net Income": -4341000.0,
        "Minority Interests": -15000.0,
        "Net Income Including Noncontrolling Interests": -4326000.0,
        "Net Income Continuous Operations": -4326000.0,
        "Earnings From Equity Interest Net Of Tax": NaN,
        "Tax Provision": -4359000.0,
        "Pretax Income": -8685000.0,
        "Other Income Expense": -2832000.0,
        "Other Non Operating Income Expenses": -821000.0,
        "Special Income Charges": -7540000.0,
        "Gain On Sale Of Ppe": -896000.0,
        "Restructuring And Mergern Acquisition": 6644000.0,
        "Gain On Sale Of Security": 5529000.0,
        "Net Non Operating Interest Income Expense": -6029000.0,
        "Interest Expense Non Operating": 6029000.0,
        "Operating Income": 176000.0,
        "Operating Expense": 34122000.0,
        "Selling General And Administration": 34122000.0,
        "Gross Profit": 34298000.0,
        "Cost Of Revenue": 171144000.0,
        "Total Revenue": 205442000.0,
        "Operating Revenue": 205442000.0
    },
    "2022-12-31": {
        "Tax Effect Of Unusual Items": -6104700.0,
        "Tax Rate For Calcs": 0.21,
        "Normalized EBITDA": 12433000.0,
        "Total Unusual Items": -29070000.0,
        "Total Unusual Items Excluding Goodwill": -29070000.0,
        "Net Income From Continuing Operation Net Minority Interest": -31600000.0,
        "Reconciled Depreciation": 6428000.0,
        "Reconciled Cost Of Revenue": 193426000.0,
        "EBITDA": -16637000.0,
        "EBIT": -23065000.0,
        "Net Interest Income": -5232000.0,
        "Interest Expense": 5232000.0,
        "Normalized Income": -8634700.0,
        "Net Income From Continuing And Discontinued Operation": -31600000.0,
        "Total Expenses": 222079000.0,
        "Total Operating Income As Reported": 1034000.0,
        "Diluted NI Availto Com Stockholders": -32916000.0,
        "Net Income Common Stockholders": -32916000.0,
        "Otherunder Preferred Stock Dividend": 0.0,
        "Preferred Stock Dividends": 1316000.0,
        "Net Income": -31600000.0,
        "Minority Interests": 319000.0,
        "Net Income Including Noncontrolling Interests": -31919000.0,
        "Net Income Continuous Operations": -31919000.0,
        "Earnings From Equity Interest Net Of Tax": NaN,
        "Tax Provision": 3622000.0,
        "Pretax Income": -28297000.0,
        "Other Income Expense": -28709000.0,
        "Other Non Operating Income Expenses": 361000.0,
        "Special Income Charges": -4610000.0,
        "Gain On Sale Of Ppe": -187000.0,
        "Restructuring And Mergern Acquisition": 4423000.0,
        "Gain On Sale Of Security": -24460000.0,
        "Net Non Operating Interest Income Expense": -5232000.0,
        "Interest Expense Non Operating": 5232000.0,
        "Operating Income": 5644000.0,
        "Operating Expense": 28653000.0,
        "Selling General And Administration": 28653000.0,
        "Gross Profit": 34297000.0,
        "Cost Of Revenue": 193426000.0,
        "Total Revenue": 227723000.0,
        "Operating Revenue": 227723000.0
    },
    "2022-09-30": {
        "Tax Effect Of Unusual Items": -308256.0,
        "Tax Rate For Calcs": 0.032,
        "Normalized EBITDA": 15407000.0,
        "Total Unusual Items": -9633000.0,
        "Total Unusual Items Excluding Goodwill": -9633000.0,
        "Net Income From Continuing Operation Net Minority Interest": -12996000.0,
        "Reconciled Depreciation": 5816000.0,
        "Reconciled Cost Of Revenue": 189169000.0,
        "EBITDA": 5774000.0,
        "EBIT": -42000.0,
        "Net Interest Income": -13404000.0,
        "Interest Expense": 13404000.0,
        "Normalized Income": -3671256.0,
        "Net Income From Continuing And Discontinued Operation": -12996000.0,
        "Total Expenses": 220392000.0,
        "Total Operating Income As Reported": 5498000.0,
        "Diluted Average Shares": 49795000.0,
        "Basic Average Shares": 49795000.0,
        "Diluted EPS": -0.41,
        "Basic EPS": -0.41,
        "Diluted NI Availto Com Stockholders": -20246000.0,
        "Net Income Common Stockholders": -20246000.0,
        "Otherunder Preferred Stock Dividend": 2870000.0,
        "Preferred Stock Dividends": 4380000.0,
        "Net Income": -12996000.0,
        "Minority Interests": 22000.0,
        "Net Income Including Noncontrolling Interests": -13018000.0,
        "Net Income Continuous Operations": -13018000.0,
        "Earnings From Equity Interest Net Of Tax": NaN,
        "Tax Provision": -428000.0,
        "Pretax Income": -13446000.0,
        "Other Income Expense": -9958000.0,
        "Other Non Operating Income Expenses": -325000.0,
        "Special Income Charges": -4418000.0,
        "Gain On Sale Of Ppe": -459000.0,
        "Restructuring And Mergern Acquisition": 3959000.0,
        "Gain On Sale Of Security": -5215000.0,
        "Net Non Operating Interest Income Expense": -13404000.0,
        "Interest Expense Non Operating": 13404000.0,
        "Operating Income": 9916000.0,
        "Operating Expense": 31223000.0,
        "Selling General And Administration": 31223000.0,
        "Gross Profit": 41139000.0,
        "Cost Of Revenue": 189169000.0,
        "Total Revenue": 230308000.0,
        "Operating Revenue": 230308000.0
    },
    "2022-06-30": {
        "Tax Effect Of Unusual Items": -510040.0,
        "Tax Rate For Calcs": 0.205,
        "Normalized EBITDA": 9935000.0,
        "Total Unusual Items": -2488000.0,
        "Total Unusual Items Excluding Goodwill": -2488000.0,
        "Net Income From Continuing Operation Net Minority Interest": -5713000.0,
        "Reconciled Depreciation": 5952000.0,
        "Reconciled Cost Of Revenue": 184515000.0,
        "EBITDA": 7447000.0,
        "EBIT": 1495000.0,
        "Net Interest Income": -8813000.0,
        "Interest Expense": 8813000.0,
        "Normalized Income": -3735040.0,
        "Net Income From Continuing And Discontinued Operation": -5713000.0,
        "Total Expenses": 219563000.0,
        "Total Operating Income As Reported": 1362000.0,
        "Diluted Average Shares": 34855000.0,
        "Basic Average Shares": 34855000.0,
        "Diluted EPS": -0.37,
        "Basic EPS": -0.37,
        "Diluted NI Availto Com Stockholders": -12858000.0,
        "Net Income Common Stockholders": -12858000.0,
        "Otherunder Preferred Stock Dividend": 7145000.0,
        "Preferred Stock Dividends": 7145000.0,
        "Net Income": -5713000.0,
        "Minority Interests": 106000.0,
        "Net Income Including Noncontrolling Interests": -5819000.0,
        "Net Income Continuous Operations": -5819000.0,
        "Tax Provision": -1499000.0,
        "Pretax Income": -7318000.0,
        "Other Income Expense": -2355000.0,
        "Other Non Operating Income Expenses": 133000.0,
        "Special Income Charges": -2488000.0,
        "Gain On Sale Of Ppe": -184000.0,
        "Restructuring And Mergern Acquisition": 2304000.0,
        "Gain On Sale Of Security": NaN,
        "Net Non Operating Interest Income Expense": -8813000.0,
        "Interest Expense Non Operating": 8813000.0,
        "Operating Income": 3850000.0,
        "Operating Expense": 35048000.0,
        "Selling General And Administration": 35048000.0,
        "Gross Profit": 38898000.0,
        "Cost Of Revenue": 184515000.0,
        "Total Revenue": 223413000.0,
        "Operating Revenue": 223413000.0
    },
    "2023-06-30": {
        "Tax Effect Of Unusual Items": -3087210.0,
        "Tax Rate For Calcs": 0.21,
        "Normalized EBITDA": 7696000.0,
        "Total Unusual Items": -14701000.0,
        "Total Unusual Items Excluding Goodwill": -14701000.0,
        "Net Income From Continuing Operation Net Minority Interest": -26811000.0,
        "Reconciled Depreciation": 6181000.0,
        "Reconciled Cost Of Revenue": 189018000.0,
        "EBITDA": -7005000.0,
        "EBIT": -13186000.0,
        "Net Interest Income": -7385000.0,
        "Interest Expense": 7385000.0,
        "Normalized Income": -15197210.0,
        "Net Income From Continuing And Discontinued Operation": -26811000.0,
        "Total Expenses": 223188000.0,
        "Total Operating Income As Reported": -1395000.0,
        "Diluted NI Availto Com Stockholders": -26724000.0,
        "Net Income Common Stockholders": -26724000.0,
        "Otherunder Preferred Stock Dividend": NaN,
        "Preferred Stock Dividends": -87000.0,
        "Net Income": -26811000.0,
        "Minority Interests": 0.0,
        "Net Income Including Noncontrolling Interests": -26811000.0,
        "Net Income Continuous Operations": -26811000.0,
        "Earnings From Equity Interest Net Of Tax": NaN,
        "Tax Provision": 6240000.0,
        "Pretax Income": -20571000.0,
        "Other Income Expense": -14692000.0,
        "Other Non Operating Income Expenses": 9000.0,
        "Special Income Charges": -2901000.0,
        "Gain On Sale Of Ppe": 0.0,
        "Restructuring And Mergern Acquisition": 2901000.0,
        "Gain On Sale Of Security": -11800000.0,
        "Net Non Operating Interest Income Expense": -7385000.0,
        "Interest Expense Non Operating": 7385000.0,
        "Operating Income": 1506000.0,
        "Operating Expense": 34170000.0,
        "Selling General And Administration": 34170000.0,
        "Gross Profit": 35676000.0,
        "Cost Of Revenue": 189018000.0,
        "Total Revenue": 224694000.0,
        "Operating Revenue": 224694000.0
    },
    "2022-03-31": {
        "Diluted EPS": 2.29,
        "Total Revenue": 720,
        "Gross Profit": 285,
        "Operating Income": 190,
        "EBIT": 219,
        "Net Income": 174
    },
    "2021-12-31": {
        "Diluted EPS": 1.9,
        "Total Revenue": 731,
        "Gross Profit": 301,
        "Operating Income": 184,
        "EBIT": 218,
        "Net Income": 148
    },
    "2021-09-30": {
        "Diluted EPS": 2.31,
        "Total Revenue": 707,
        "Gross Profit": 288,
        "Operating Income": 181,
        "EBIT": 211,
        "Net Income": 176
    },
    "2021-06-30": {
        "Diluted EPS": 2.47,
        "Total Revenue": 724,
        "Gross Profit": 315,
        "Operating Income": 211,
        "EBIT": 240,
        "Net Income": 187
    },
    "2021-03-31": {
        "Diluted EPS": 1.99,
        "Total Revenue": 671,
        "Gross Profit": 272,
        "Operating Income": 176,
        "EBIT": 205,
        "Net Income": 151
    },
    "2020-12-31": {
        "Diluted EPS": 1.28,
        "Total Revenue": 580,
        "Gross Profit": 211,
        "Operating Income": 116,
        "EBIT": 145,
        "Net Income": 98
    },
    "2020-09-30": {
        "Diluted EPS": 1.09,
        "Total Revenue": 548,
        "Gross Profit": 195,
        "Operating Income": 99,
        "EBIT": 128,
        "Net Income": 82
    },
    "2020-06-30": {
        "Diluted EPS": 1.21,
        "Total Revenue": 527,
        "Gross Profit": 195,
        "Operating Income": 104,
        "EBIT": 130,
        "Net Income": 91
    },
    "2020-03-31": {
        "Diluted EPS": 0.99,
        "Total Revenue": 492,
        "Gross Profit": 167,
        "Operating Income": 88,
        "EBIT": 114,
        "Net Income": 74
    },
    "2019-12-31": {
        "Diluted EPS": 0.85,
        "Total Revenue": 471,
        "Gross Profit": 153,
        "Operating Income": 78,
        "EBIT": 104,
        "Net Income": 64
    },
    "2019-09-30": {
        "Diluted EPS": 0.75,
        "Total Revenue": 456,
        "Gross Profit": 148,
        "Operating Income": 67,
        "EBIT": 93,
        "Net Income": 56
    },
    "2019-06-30": {
        "Diluted EPS": 0.88,
        "Total Revenue": 470,
        "Gross Profit": 158,
        "Operating Income": 81,
        "EBIT": 107,
        "Net Income": 66
    },
    "2019-03-31": {
        "Diluted EPS": 0.73,
        "Total Revenue": 444,
        "Gross Profit": 147,
        "Operating Income": 71,
        "EBIT": 96,
        "Net Income": 55
    },
    "2018-12-31": {
        "Diluted EPS": 0.68,
        "Total Revenue": 423,
        "Gross Profit": 133,
        "Operating Income": 66,
        "EBIT": 92,
        "Net Income": 52
    },
    "2018-09-30": {
        "Diluted EPS": 0.73,
        "Total Revenue": 432,
        "Gross Profit": 136,
        "Operating Income": 61,
        "EBIT": 87,
        "Net Income": 55
    },
    "2018-06-30": {
        "Diluted EPS": 0.75,
        "Total Revenue": 448,
        "Gross Profit": 142,
        "Operating Income": 60,
        "EBIT": 86,
        "Net Income": 56
    },
    "2018-03-31": {
        "Diluted EPS": 0.58,
        "Total Revenue": 416,
        "Gross Profit": 134,
        "Operating Income": 53,
        "EBIT": 80,
        "Net Income": 44
    },
    "2017-12-31": {
        "Diluted EPS": 0.0,
        "Total Revenue": 416,
        "Gross Profit": 129,
        "Operating Income": 60,
        "EBIT": 85,
        "Net Income": 0
    },
    "2017-09-30": {
        "Diluted EPS": 0.67,
        "Total Revenue": 398,
        "Gross Profit": 125,
        "Operating Income": 63,
        "EBIT": 88,
        "Net Income": 51
    },
    "2017-06-30": {
        "Diluted EPS": 0.51,
        "Total Revenue": 398,
        "Gross Profit": 125,
        "Operating Income": 42,
        "EBIT": 66,
        "Net Income": 39
    },
    "2017-03-31": {
        "Diluted EPS": 0.81,
        "Total Revenue": 388,
        "Gross Profit": 134,
        "Operating Income": 61,
        "EBIT": 84,
        "Net Income": 61
    },
    "2016-12-31": {
        "Diluted EPS": 0.51,
        "Total Revenue": 382,
        "Gross Profit": 124,
        "Operating Income": 53,
        "EBIT": 76,
        "Net Income": 39
    },
    "2016-09-30": {
        "Diluted EPS": 0.5,
        "Total Revenue": 377,
        "Gross Profit": 121,
        "Operating Income": 51,
        "EBIT": 74,
        "Net Income": 38
    },
    "2016-06-30": {
        "Diluted EPS": 0.6,
        "Total Revenue": 388,
        "Gross Profit": 133,
        "Operating Income": 61,
        "EBIT": 84,
        "Net Income": 45
    },
    "2016-03-31": {
        "Diluted EPS": 0.3,
        "Total Revenue": 362,
        "Gross Profit": 123,
        "Operating Income": 30,
        "EBIT": 52,
        "Net Income": 22
    },
    "2015-12-31": {
        "Diluted EPS": 0.45,
        "Total Revenue": 360,
        "Gross Profit": 120,
        "Operating Income": 45,
        "EBIT": 69,
        "Net Income": 33
    },
    "2015-09-30": {
        "Diluted EPS": 0.02,
        "Total Revenue": 345,
        "Gross Profit": 108,
        "Operating Income": -4,
        "EBIT": 19,
        "Net Income": 2
    },
    "2015-06-30": {
        "Diluted EPS": 0.38,
        "Total Revenue": 360,
        "Gross Profit": 118,
        "Operating Income": 39,
        "EBIT": 61,
        "Net Income": 28
    },
    "2015-03-31": {
        "Diluted EPS": 0.45,
        "Total Revenue": 336,
        "Gross Profit": 110,
        "Operating Income": 48,
        "EBIT": 70,
        "Net Income": 33
    },
    "2014-12-31": {
        "Diluted EPS": 0.42,
        "Total Revenue": 350,
        "Gross Profit": 110,
        "Operating Income": 45,
        "EBIT": 67,
        "Net Income": 31
    },
    "2014-09-30": {
        "Diluted EPS": 0.43,
        "Total Revenue": 356,
        "Gross Profit": 110,
        "Operating Income": 44,
        "EBIT": 67,
        "Net Income": 31
    },
    "2014-06-30": {
        "Diluted EPS": 0.52,
        "Total Revenue": 369,
        "Gross Profit": 122,
        "Operating Income": 54,
        "EBIT": 77,
        "Net Income": 38
    },
    "2014-03-31": {
        "Diluted EPS": 0.38,
        "Total Revenue": 347,
        "Gross Profit": 106,
        "Operating Income": 39,
        "EBIT": 61,
        "Net Income": 27
    },
    "2013-12-31": {
        "Diluted EPS": 0.32,
        "Total Revenue": 343,
        "Gross Profit": 107,
        "Operating Income": 37,
        "EBIT": 59,
        "Net Income": 24
    },
    "2013-09-30": {
        "Diluted EPS": 0.37,
        "Total Revenue": 342,
        "Gross Profit": 106,
        "Operating Income": 40,
        "EBIT": 62,
        "Net Income": 27
    },
    "2013-06-30": {
        "Diluted EPS": 0.43,
        "Total Revenue": 345,
        "Gross Profit": 111,
        "Operating Income": 43,
        "EBIT": 63,
        "Net Income": 30
    },
    "2013-03-31": {
        "Diluted EPS": 0.45,
        "Total Revenue": 339,
        "Gross Profit": 112,
        "Operating Income": 43,
        "EBIT": 64,
        "Net Income": 32
    },
    "2012-12-31": {
        "Diluted EPS": 0.31,
        "Total Revenue": 322,
        "Gross Profit": 98,
        "Operating Income": 32,
        "EBIT": 52,
        "Net Income": 21
    },
    "2012-09-30": {
        "Diluted EPS": 0.21,
        "Total Revenue": 304,
        "Gross Profit": 90,
        "Operating Income": 26,
        "EBIT": 46,
        "Net Income": 15
    },
    "2012-06-30": {
        "Diluted EPS": 0.23,
        "Total Revenue": 325,
        "Gross Profit": 99,
        "Operating Income": 36,
        "EBIT": 54,
        "Net Income": 16
    },
    "2012-03-31": {
        "Diluted EPS": 0.41,
        "Total Revenue": 316,
        "Gross Profit": 101,
        "Operating Income": 42,
        "EBIT": 60,
        "Net Income": 29
    },
    "2011-12-31": {
        "Diluted EPS": 0.27,
        "Total Revenue": 295,
        "Gross Profit": 85,
        "Operating Income": 27,
        "EBIT": 45,
        "Net Income": 19
    },
    "2011-09-30": {
        "Diluted EPS": 0.25,
        "Total Revenue": 294,
        "Gross Profit": 81,
        "Operating Income": 26,
        "EBIT": 45,
        "Net Income": 17
    },
    "2011-06-30": {
        "Diluted EPS": 0.29,
        "Total Revenue": 308,
        "Gross Profit": 85,
        "Operating Income": 28,
        "EBIT": 47,
        "Net Income": 20
    },
    "2011-03-31": {
        "Diluted EPS": 0.28,
        "Total Revenue": 295,
        "Gross Profit": 88,
        "Operating Income": 29,
        "EBIT": 48,
        "Net Income": 20
    },
    "2010-12-31": {
        "Diluted EPS": 0.1,
        "Total Revenue": 277,
        "Gross Profit": 78,
        "Operating Income": 6,
        "EBIT": 26,
        "Net Income": 6
    },
    "2010-09-30": {
        "Diluted EPS": 0.26,
        "Total Revenue": 271,
        "Gross Profit": 75,
        "Operating Income": 25,
        "EBIT": 44,
        "Net Income": 18
    },
    "2010-06-30": {
        "Diluted EPS": 0.31,
        "Total Revenue": 282,
        "Gross Profit": 83,
        "Operating Income": 31,
        "EBIT": 48,
        "Net Income": 22
    },
    "2010-03-31": {
        "Diluted EPS": 0.29,
        "Total Revenue": 275,
        "Gross Profit": 82,
        "Operating Income": 29,
        "EBIT": 47,
        "Net Income": 20
    },
    "2009-12-31": {
        "Diluted EPS": 0.3,
        "Total Revenue": 293,
        "Gross Profit": 84,
        "Operating Income": 22,
        "EBIT": 40,
        "Net Income": 20
    },
    "2009-09-30": {
        "Diluted EPS": 0.25,
        "Total Revenue": 259,
        "Gross Profit": 72,
        "Operating Income": 26,
        "EBIT": 44,
        "Net Income": 17
    },
    "2009-06-30": {
        "Diluted EPS": 0.29,
        "Total Revenue": 261,
        "Gross Profit": 79,
        "Operating Income": 29,
        "EBIT": 45,
        "Net Income": 20
    },
    "2009-03-31": {
        "Diluted EPS": 0.23,
        "Total Revenue": 242,
        "Gross Profit": 69,
        "Operating Income": 21,
        "EBIT": 36,
        "Net Income": 15
    },
    "2023-09-30": {
        "Tax Effect Of Unusual Items": 4561200.0,
        "Tax Rate For Calcs": 0.21,
        "Normalized EBITDA": 3870000.0,
        "Total Unusual Items": 21720000.0,
        "Total Unusual Items Excluding Goodwill": 21720000.0,
        "Net Income From Continuing Operation Net Minority Interest": 16621000.0,
        "Reconciled Depreciation": 6364000.0,
        "Reconciled Cost Of Revenue": 184546000.0,
        "EBITDA": 25590000.0,
        "EBIT": 19226000.0,
        "Net Interest Income": -7803000.0,
        "Interest Expense": 7803000.0,
        "Normalized Income": -537800.0,
        "Net Income From Continuing And Discontinued Operation": 16621000.0,
        "Total Expenses": 221596000.0,
        "Total Operating Income As Reported": -5369000.0,
        "Diluted NI Availto Com Stockholders": 12802000.0,
        "Net Income Common Stockholders": 12802000.0,
        "Otherunder Preferred Stock Dividend": 3912000.0,
        "Preferred Stock Dividends": -93000.0,
        "Net Income": 16621000.0,
        "Minority Interests": 0.0,
        "Net Income Including Noncontrolling Interests": 16621000.0,
        "Net Income Continuous Operations": 16621000.0,
        "Earnings From Equity Interest Net Of Tax": -14000.0,
        "Tax Provision": -5212000.0,
        "Pretax Income": 11423000.0,
        "Other Income Expense": 21210000.0,
        "Other Non Operating Income Expenses": -510000.0,
        "Special Income Charges": -3385000.0,
        "Gain On Sale Of Ppe": -248000.0,
        "Restructuring And Mergern Acquisition": 3137000.0,
        "Gain On Sale Of Security": 25105000.0,
        "Net Non Operating Interest Income Expense": -7803000.0,
        "Interest Expense Non Operating": 7803000.0,
        "Operating Income": -1984000.0,
        "Operating Expense": 37050000.0,
        "Selling General And Administration": 37050000.0,
        "Gross Profit": 35066000.0,
        "Cost Of Revenue": 184546000.0,
        "Total Revenue": 219612000.0,
        "Operating Revenue": 219612000.0
    }
}