{
    "2023-03-31": {
        "Tax Effect Of Unusual Items": 0.0,
        "Tax Rate For Calcs": 0.256,
        "Normalized EBITDA": 11107000.0,
        "Net Income From Continuing Operation Net Minority Interest": 7445000.0,
        "Reconciled Depreciation": 712000.0,
        "Reconciled Cost Of Revenue": 49132000.0,
        "EBITDA": 11107000.0,
        "EBIT": 10395000.0,
        "Net Interest Income": -246000.0,
        "Interest Expense": 385000.0,
        "Interest Income": 139000.0,
        "Normalized Income": 7445000.0,
        "Net Income From Continuing And Discontinued Operation": 7445000.0,
        "Total Expenses": 75908000.0,
        "Total Operating Income As Reported": 10386000.0,
        "Diluted Average Shares": 9545000.0,
        "Basic Average Shares": 9483000.0,
        "Diluted EPS": 0.78,
        "Basic EPS": 0.79,
        "Diluted NI Availto Com Stockholders": 7445000.0,
        "Net Income Common Stockholders": 7445000.0,
        "Net Income": 7445000.0,
        "Net Income Including Noncontrolling Interests": 7445000.0,
        "Net Income Continuous Operations": 7445000.0,
        "Tax Provision": 2565000.0,
        "Pretax Income": 10010000.0,
        "Other Income Expense": -130000.0,
        "Other Non Operating Income Expenses": -130000.0,
        "Net Non Operating Interest Income Expense": -246000.0,
        "Interest Expense Non Operating": 385000.0,
        "Interest Income Non Operating": 139000.0,
        "Operating Income": 10386000.0,
        "Operating Expense": 26776000.0,
        "Selling General And Administration": 26776000.0,
        "Gross Profit": 37162000.0,
        "Cost Of Revenue": 49132000.0,
        "Total Revenue": 86294000.0,
        "Operating Revenue": 86294000.0
    },
    "2022-12-31": {
        "Tax Effect Of Unusual Items": 0.0,
        "Tax Rate For Calcs": 0.273128,
        "Normalized EBITDA": 15278000.0,
        "Net Income From Continuing Operation Net Minority Interest": 10222000.0,
        "Reconciled Depreciation": 714000.0,
        "Reconciled Cost Of Revenue": 52940000.0,
        "EBITDA": 15278000.0,
        "EBIT": 14564000.0,
        "Net Interest Income": -406000.0,
        "Interest Expense": 501000.0,
        "Interest Income": 95000.0,
        "Normalized Income": 10222000.0,
        "Net Income From Continuing And Discontinued Operation": 10222000.0,
        "Total Expenses": 83985000.0,
        "Total Operating Income As Reported": 15062000.0,
        "Diluted Average Shares": 9582000.0,
        "Basic Average Shares": 9540000.0,
        "Diluted EPS": 1.06,
        "Basic EPS": 1.07,
        "Diluted NI Availto Com Stockholders": 10222000.0,
        "Net Income Common Stockholders": 10222000.0,
        "Net Income": 10222000.0,
        "Net Income Including Noncontrolling Interests": 10222000.0,
        "Net Income Continuous Operations": 10222000.0,
        "Tax Provision": 3841000.0,
        "Pretax Income": 14063000.0,
        "Other Income Expense": -593000.0,
        "Other Non Operating Income Expenses": -593000.0,
        "Net Non Operating Interest Income Expense": -406000.0,
        "Interest Expense Non Operating": 501000.0,
        "Interest Income Non Operating": 95000.0,
        "Operating Income": 15062000.0,
        "Operating Expense": 31045000.0,
        "Selling General And Administration": 31045000.0,
        "Gross Profit": 46107000.0,
        "Cost Of Revenue": 52940000.0,
        "Total Revenue": 99047000.0,
        "Operating Revenue": 99047000.0
    },
    "2022-09-30": {
        "Tax Effect Of Unusual Items": 0.0,
        "Tax Rate For Calcs": 0.24352,
        "Normalized EBITDA": 15130000.0,
        "Net Income From Continuing Operation Net Minority Interest": 10770000.0,
        "Reconciled Depreciation": 696000.0,
        "Reconciled Cost Of Revenue": 57583000.0,
        "EBITDA": 15130000.0,
        "EBIT": 14434000.0,
        "Net Interest Income": -111000.0,
        "Interest Expense": 197000.0,
        "Interest Income": 86000.0,
        "Normalized Income": 10770000.0,
        "Net Income From Continuing And Discontinued Operation": 10770000.0,
        "Total Expenses": 82764000.0,
        "Total Operating Income As Reported": 14207000.0,
        "Diluted Average Shares": 9605000.0,
        "Basic Average Shares": 9535000.0,
        "Diluted EPS": 1.12,
        "Basic EPS": 1.13,
        "Diluted NI Availto Com Stockholders": 10770000.0,
        "Net Income Common Stockholders": 10770000.0,
        "Net Income": 10770000.0,
        "Net Income Including Noncontrolling Interests": 10770000.0,
        "Net Income Continuous Operations": 10770000.0,
        "Tax Provision": 3467000.0,
        "Pretax Income": 14237000.0,
        "Other Income Expense": 141000.0,
        "Other Non Operating Income Expenses": 141000.0,
        "Net Non Operating Interest Income Expense": -111000.0,
        "Interest Expense Non Operating": 197000.0,
        "Interest Income Non Operating": 86000.0,
        "Operating Income": 14207000.0,
        "Operating Expense": 25181000.0,
        "Selling General And Administration": 25181000.0,
        "Gross Profit": 39388000.0,
        "Cost Of Revenue": 57583000.0,
        "Total Revenue": 96971000.0,
        "Operating Revenue": 96971000.0
    },
    "2022-06-30": {
        "Tax Effect Of Unusual Items": 0.0,
        "Tax Rate For Calcs": 0.241222,
        "Normalized EBITDA": 6617000.0,
        "Net Income From Continuing Operation Net Minority Interest": 4495000.0,
        "Reconciled Depreciation": 682000.0,
        "Reconciled Cost Of Revenue": 44589000.0,
        "EBITDA": 6617000.0,
        "EBIT": 5935000.0,
        "Net Interest Income": 78000.0,
        "Interest Expense": 11000.0,
        "Interest Income": 89000.0,
        "Normalized Income": 4495000.0,
        "Net Income From Continuing And Discontinued Operation": 4495000.0,
        "Total Expenses": 68694000.0,
        "Total Operating Income As Reported": 5665000.0,
        "Diluted Average Shares": 9664000.0,
        "Basic Average Shares": 9549000.0,
        "Diluted EPS": 0.47,
        "Basic EPS": 0.47,
        "Diluted NI Availto Com Stockholders": 4495000.0,
        "Net Income Common Stockholders": 4495000.0,
        "Net Income": 4495000.0,
        "Net Income Including Noncontrolling Interests": 4495000.0,
        "Net Income Continuous Operations": 4495000.0,
        "Tax Provision": 1429000.0,
        "Pretax Income": 5924000.0,
        "Other Income Expense": 181000.0,
        "Other Non Operating Income Expenses": 181000.0,
        "Net Non Operating Interest Income Expense": 78000.0,
        "Interest Expense Non Operating": 11000.0,
        "Interest Income Non Operating": 89000.0,
        "Operating Income": 5665000.0,
        "Operating Expense": 24105000.0,
        "Selling General And Administration": 24105000.0,
        "Gross Profit": 29770000.0,
        "Cost Of Revenue": 44589000.0,
        "Total Revenue": 74359000.0,
        "Operating Revenue": 74359000.0
    },
    "2023-06-30": {
        "Tax Effect Of Unusual Items": 0.0,
        "Tax Rate For Calcs": 0.262,
        "Normalized EBITDA": 7426000.0,
        "Net Income From Continuing Operation Net Minority Interest": 4864000.0,
        "Reconciled Depreciation": 704000.0,
        "Reconciled Cost Of Revenue": 38007000.0,
        "EBITDA": 7426000.0,
        "EBIT": 6722000.0,
        "Net Interest Income": 58000.0,
        "Interest Expense": 132000.0,
        "Interest Income": 190000.0,
        "Normalized Income": 4864000.0,
        "Net Income From Continuing And Discontinued Operation": 4864000.0,
        "Total Expenses": 60314000.0,
        "Total Operating Income As Reported": 6700000.0,
        "Diluted Average Shares": 9542000.0,
        "Basic Average Shares": 9440000.0,
        "Diluted EPS": 0.5,
        "Basic EPS": 0.51,
        "Diluted NI Availto Com Stockholders": 4864000.0,
        "Net Income Common Stockholders": 4864000.0,
        "Net Income": 4864000.0,
        "Net Income Including Noncontrolling Interests": 4864000.0,
        "Net Income Continuous Operations": 4864000.0,
        "Tax Provision": 1726000.0,
        "Pretax Income": 6590000.0,
        "Other Income Expense": -168000.0,
        "Other Non Operating Income Expenses": -168000.0,
        "Net Non Operating Interest Income Expense": 58000.0,
        "Interest Expense Non Operating": 132000.0,
        "Interest Income Non Operating": 190000.0,
        "Operating Income": 6700000.0,
        "Operating Expense": 22307000.0,
        "Selling General And Administration": 22307000.0,
        "Gross Profit": 29007000.0,
        "Cost Of Revenue": 38007000.0,
        "Total Revenue": 67014000.0,
        "Operating Revenue": 67014000.0
    },
    "2022-03-31": {
        "Diluted EPS": 0.42,
        "Total Revenue": 81,
        "Gross Profit": 29,
        "Operating Income": 5,
        "EBIT": 6,
        "Net Income": 4
    },
    "2021-12-31": {
        "Diluted EPS": 1.07,
        "Total Revenue": 101,
        "Gross Profit": 41,
        "Operating Income": 13,
        "EBIT": 13,
        "Net Income": 10
    },
    "2021-09-30": {
        "Diluted EPS": 0.52,
        "Total Revenue": 62,
        "Gross Profit": 25,
        "Operating Income": 7,
        "EBIT": 7,
        "Net Income": 5
    },
    "2021-06-30": {
        "Diluted EPS": 0.39,
        "Total Revenue": 58,
        "Gross Profit": 23,
        "Operating Income": 5,
        "EBIT": 5,
        "Net Income": 4
    },
    "2021-03-31": {
        "Diluted EPS": 0.14,
        "Total Revenue": 47,
        "Gross Profit": 19,
        "Operating Income": 2,
        "EBIT": 2,
        "Net Income": 1
    },
    "2020-12-31": {
        "Diluted EPS": 0.52,
        "Total Revenue": 62,
        "Gross Profit": 28,
        "Operating Income": 8,
        "EBIT": 9,
        "Net Income": 5
    },
    "2020-09-30": {
        "Diluted EPS": -0.6,
        "Total Revenue": 53,
        "Gross Profit": 20,
        "Operating Income": -4,
        "EBIT": -3,
        "Net Income": -6
    },
    "2020-06-30": {
        "Diluted EPS": -0.91,
        "Total Revenue": 17,
        "Gross Profit": 7,
        "Operating Income": -13,
        "EBIT": -12,
        "Net Income": -9
    },
    "2020-03-31": {
        "Diluted EPS": 0.12,
        "Total Revenue": 64,
        "Gross Profit": 23,
        "Operating Income": 1,
        "EBIT": 2,
        "Net Income": 1
    },
    "2019-12-31": {
        "Diluted EPS": 0.89,
        "Total Revenue": 87,
        "Gross Profit": 38,
        "Operating Income": 12,
        "EBIT": 12,
        "Net Income": 9
    },
    "2019-09-30": {
        "Diluted EPS": 0.66,
        "Total Revenue": 83,
        "Gross Profit": 32,
        "Operating Income": 8,
        "EBIT": 9,
        "Net Income": 7
    },
    "2019-06-30": {
        "Diluted EPS": 0.15,
        "Total Revenue": 60,
        "Gross Profit": 24,
        "Operating Income": 2,
        "EBIT": 3,
        "Net Income": 2
    },
    "2019-03-31": {
        "Diluted EPS": 0.4,
        "Total Revenue": 74,
        "Gross Profit": 29,
        "Operating Income": 5,
        "EBIT": 6,
        "Net Income": 4
    },
    "2018-12-31": {
        "Diluted EPS": 0.93,
        "Total Revenue": 90,
        "Gross Profit": 39,
        "Operating Income": 12,
        "EBIT": 13,
        "Net Income": 10
    },
    "2018-09-30": {
        "Diluted EPS": 0.6,
        "Total Revenue": 78,
        "Gross Profit": 30,
        "Operating Income": 8,
        "EBIT": 9,
        "Net Income": 6
    },
    "2018-06-30": {
        "Diluted EPS": 0.15,
        "Total Revenue": 61,
        "Gross Profit": 24,
        "Operating Income": 2,
        "EBIT": 3,
        "Net Income": 2
    },
    "2018-03-31": {
        "Diluted EPS": 0.29,
        "Total Revenue": 70,
        "Gross Profit": 27,
        "Operating Income": 4,
        "EBIT": 5,
        "Net Income": 3
    },
    "2017-12-31": {
        "Diluted EPS": 0.79,
        "Total Revenue": 80,
        "Gross Profit": 34,
        "Operating Income": 10,
        "EBIT": 11,
        "Net Income": 8
    },
    "2017-09-30": {
        "Diluted EPS": 0.48,
        "Total Revenue": 77,
        "Gross Profit": 29,
        "Operating Income": 8,
        "EBIT": 9,
        "Net Income": 5
    },
    "2017-06-30": {
        "Diluted EPS": 0.12,
        "Total Revenue": 57,
        "Gross Profit": 22,
        "Operating Income": 2,
        "EBIT": 3,
        "Net Income": 1
    },
    "2017-03-31": {
        "Diluted EPS": 0.21,
        "Total Revenue": 69,
        "Gross Profit": 25,
        "Operating Income": 3,
        "EBIT": 5,
        "Net Income": 2
    },
    "2016-12-31": {
        "Diluted EPS": 0.78,
        "Total Revenue": 82,
        "Gross Profit": 33,
        "Operating Income": 9,
        "EBIT": 10,
        "Net Income": 8
    },
    "2016-09-30": {
        "Diluted EPS": 0.44,
        "Total Revenue": 79,
        "Gross Profit": 29,
        "Operating Income": 8,
        "EBIT": 9,
        "Net Income": 5
    },
    "2016-06-30": {
        "Diluted EPS": 0.09,
        "Total Revenue": 57,
        "Gross Profit": 22,
        "Operating Income": 2,
        "EBIT": 3,
        "Net Income": 1
    },
    "2016-03-31": {
        "Diluted EPS": 0.25,
        "Total Revenue": 79,
        "Gross Profit": 27,
        "Operating Income": 4,
        "EBIT": 5,
        "Net Income": 3
    },
    "2015-12-31": {
        "Diluted EPS": 0.65,
        "Total Revenue": 87,
        "Gross Profit": 36,
        "Operating Income": 14,
        "EBIT": 15,
        "Net Income": 7
    },
    "2015-09-30": {
        "Diluted EPS": 0.51,
        "Total Revenue": 91,
        "Gross Profit": 33,
        "Operating Income": 9,
        "EBIT": 10,
        "Net Income": 6
    },
    "2015-06-30": {
        "Diluted EPS": 0.19,
        "Total Revenue": 64,
        "Gross Profit": 24,
        "Operating Income": 3,
        "EBIT": 4,
        "Net Income": 2
    },
    "2015-03-31": {
        "Diluted EPS": 0.33,
        "Total Revenue": 78,
        "Gross Profit": 29,
        "Operating Income": 6,
        "EBIT": 7,
        "Net Income": 4
    },
    "2014-12-31": {
        "Diluted EPS": 0.75,
        "Total Revenue": 95,
        "Gross Profit": 39,
        "Operating Income": 13,
        "EBIT": 14,
        "Net Income": 8
    },
    "2014-09-30": {
        "Diluted EPS": 0.51,
        "Total Revenue": 87,
        "Gross Profit": 32,
        "Operating Income": 9,
        "EBIT": 10,
        "Net Income": 6
    },
    "2014-06-30": {
        "Diluted EPS": 0.2,
        "Total Revenue": 63,
        "Gross Profit": 24,
        "Operating Income": 3,
        "EBIT": 4,
        "Net Income": 2
    },
    "2014-03-31": {
        "Diluted EPS": 0.29,
        "Total Revenue": 75,
        "Gross Profit": 27,
        "Operating Income": 5,
        "EBIT": 6,
        "Net Income": 3
    },
    "2013-12-31": {
        "Diluted EPS": 0.62,
        "Total Revenue": 79,
        "Gross Profit": 33,
        "Operating Income": 11,
        "EBIT": 12,
        "Net Income": 7
    },
    "2013-09-30": {
        "Diluted EPS": 0.5,
        "Total Revenue": 83,
        "Gross Profit": 32,
        "Operating Income": 9,
        "EBIT": 10,
        "Net Income": 5
    },
    "2013-06-30": {
        "Diluted EPS": 0.2,
        "Total Revenue": 65,
        "Gross Profit": 25,
        "Operating Income": 4,
        "EBIT": 5,
        "Net Income": 2
    },
    "2013-03-31": {
        "Diluted EPS": 0.3,
        "Total Revenue": 74,
        "Gross Profit": 28,
        "Operating Income": 5,
        "EBIT": 6,
        "Net Income": 3
    },
    "2012-12-31": {
        "Diluted EPS": 0.7,
        "Total Revenue": 78,
        "Gross Profit": 34,
        "Operating Income": 12,
        "EBIT": 13,
        "Net Income": 8
    },
    "2012-09-30": {
        "Diluted EPS": 0.48,
        "Total Revenue": 79,
        "Gross Profit": 30,
        "Operating Income": 8,
        "EBIT": 9,
        "Net Income": 5
    },
    "2012-06-30": {
        "Diluted EPS": 0.2,
        "Total Revenue": 60,
        "Gross Profit": 23,
        "Operating Income": 3,
        "EBIT": 4,
        "Net Income": 2
    },
    "2012-03-31": {
        "Diluted EPS": 0.35,
        "Total Revenue": 75,
        "Gross Profit": 28,
        "Operating Income": 6,
        "EBIT": 7,
        "Net Income": 4
    },
    "2011-12-31": {
        "Diluted EPS": 0.5,
        "Total Revenue": 75,
        "Gross Profit": 31,
        "Operating Income": 9,
        "EBIT": 10,
        "Net Income": 6
    },
    "2011-09-30": {
        "Diluted EPS": 0.4,
        "Total Revenue": 75,
        "Gross Profit": 29,
        "Operating Income": 7,
        "EBIT": 8,
        "Net Income": 4
    },
    "2011-06-30": {
        "Diluted EPS": 0.17,
        "Total Revenue": 57,
        "Gross Profit": 23,
        "Operating Income": 3,
        "EBIT": 3,
        "Net Income": 2
    },
    "2011-03-31": {
        "Diluted EPS": 0.3,
        "Total Revenue": 65,
        "Gross Profit": 25,
        "Operating Income": 5,
        "EBIT": 6,
        "Net Income": 3
    },
    "2010-12-31": {
        "Diluted EPS": 0.44,
        "Total Revenue": 62,
        "Gross Profit": 26,
        "Operating Income": 7,
        "EBIT": 8,
        "Net Income": 5
    },
    "2010-09-30": {
        "Diluted EPS": 0.3,
        "Total Revenue": 57,
        "Gross Profit": 22,
        "Operating Income": 4,
        "EBIT": 5,
        "Net Income": 3
    },
    "2010-06-30": {
        "Diluted EPS": 0.11,
        "Total Revenue": 49,
        "Gross Profit": 19,
        "Operating Income": 2,
        "EBIT": 2,
        "Net Income": 1
    },
    "2010-03-31": {
        "Diluted EPS": 0.34,
        "Total Revenue": 61,
        "Gross Profit": 23,
        "Operating Income": 5,
        "EBIT": 6,
        "Net Income": 4
    },
    "2009-12-31": {
        "Diluted EPS": 0.41,
        "Total Revenue": 58,
        "Gross Profit": 24,
        "Operating Income": 7,
        "EBIT": 7,
        "Net Income": 5
    },
    "2009-09-30": {
        "Diluted EPS": 0.29,
        "Total Revenue": 58,
        "Gross Profit": 22,
        "Operating Income": 5,
        "EBIT": 5,
        "Net Income": 3
    },
    "2009-06-30": {
        "Diluted EPS": 0.19,
        "Total Revenue": 50,
        "Gross Profit": 19,
        "Operating Income": 2,
        "EBIT": 3,
        "Net Income": 2
    },
    "2009-03-31": {
        "Diluted EPS": 0.22,
        "Total Revenue": 59,
        "Gross Profit": 20,
        "Operating Income": 3,
        "EBIT": 4,
        "Net Income": 3
    },
    "2023-09-30": {
        "Tax Effect Of Unusual Items": 0.0,
        "Tax Rate For Calcs": 0.257,
        "Normalized EBITDA": 13287000.0,
        "Net Income From Continuing Operation Net Minority Interest": 9337000.0,
        "Reconciled Depreciation": 718000.0,
        "Reconciled Cost Of Revenue": 47997000.0,
        "EBITDA": 13287000.0,
        "EBIT": 12569000.0,
        "Net Interest Income": 264000.0,
        "Interest Expense": 5000.0,
        "Interest Income": 269000.0,
        "Normalized Income": 9337000.0,
        "Net Income From Continuing And Discontinued Operation": 9337000.0,
        "Total Expenses": 71717000.0,
        "Total Operating Income As Reported": 12433000.0,
        "Diluted Average Shares": 9530000.0,
        "Basic Average Shares": 9451000.0,
        "Diluted EPS": 0.98,
        "Basic EPS": 0.99,
        "Diluted NI Availto Com Stockholders": 9337000.0,
        "Net Income Common Stockholders": 9337000.0,
        "Net Income": 9337000.0,
        "Net Income Including Noncontrolling Interests": 9337000.0,
        "Net Income Continuous Operations": 9337000.0,
        "Tax Provision": 3227000.0,
        "Pretax Income": 12564000.0,
        "Other Income Expense": -133000.0,
        "Other Non Operating Income Expenses": -133000.0,
        "Net Non Operating Interest Income Expense": 264000.0,
        "Interest Expense Non Operating": 5000.0,
        "Interest Income Non Operating": 269000.0,
        "Operating Income": 12433000.0,
        "Operating Expense": 23720000.0,
        "Selling General And Administration": 23720000.0,
        "Gross Profit": 36153000.0,
        "Cost Of Revenue": 47997000.0,
        "Total Revenue": 84150000.0,
        "Operating Revenue": 84150000.0
    }
}