{
    "2023-03-31": {
        "Tax Effect Of Unusual Items": -13400.14067,
        "Tax Rate For Calcs": 0.002404,
        "Normalized EBITDA": -46892000.0,
        "Total Unusual Items": -5573000.0,
        "Total Unusual Items Excluding Goodwill": -5573000.0,
        "Net Income From Continuing Operation Net Minority Interest": -60989000.0,
        "Reconciled Depreciation": 8636000.0,
        "Reconciled Cost Of Revenue": 27903000.0,
        "EBITDA": -52465000.0,
        "EBIT": -61101000.0,
        "Net Interest Income": -35000.0,
        "Interest Expense": 35000.0,
        "Interest Income": 732000.0,
        "Normalized Income": -55429400.14067,
        "Net Income From Continuing And Discontinued Operation": -60989000.0,
        "Total Expenses": 101383000.0,
        "Total Operating Income As Reported": -60364000.0,
        "Diluted Average Shares": 20061945.0,
        "Basic Average Shares": 20061945.0,
        "Diluted EPS": -3.04,
        "Basic EPS": -3.04,
        "Diluted NI Availto Com Stockholders": -60989000.0,
        "Net Income Common Stockholders": -60989000.0,
        "Net Income": -60989000.0,
        "Net Income Including Noncontrolling Interests": -60989000.0,
        "Net Income Continuous Operations": -60989000.0,
        "Tax Provision": -147000.0,
        "Pretax Income": -61136000.0,
        "Other Income Expense": -2857000.0,
        "Other Non Operating Income Expenses": 2716000.0,
        "Special Income Charges": -2120000.0,
        "Write Off": 2120000.0,
        "Gain On Sale Of Security": -3453000.0,
        "Net Non Operating Interest Income Expense": -35000.0,
        "Total Other Finance Cost": NaN,
        "Interest Expense Non Operating": 35000.0,
        "Interest Income Non Operating": 732000.0,
        "Operating Income": -58244000.0,
        "Operating Expense": 73480000.0,
        "Other Operating Expenses": 1747000.0,
        "Research And Development": 14592000.0,
        "Selling General And Administration": 57141000.0,
        "Selling And Marketing Expense": 13452000.0,
        "General And Administrative Expense": 43689000.0,
        "Other Gand A": 43689000.0,
        "Salaries And Wages": NaN,
        "Gross Profit": 15236000.0,
        "Cost Of Revenue": 27903000.0,
        "Total Revenue": 43139000.0,
        "Operating Revenue": 41850000.0
    },
    "2022-12-31": {
        "Tax Effect Of Unusual Items": -40795860.0,
        "Tax Rate For Calcs": 0.21,
        "Normalized EBITDA": -79562000.0,
        "Total Unusual Items": -194266000.0,
        "Total Unusual Items Excluding Goodwill": -194266000.0,
        "Net Income From Continuing Operation Net Minority Interest": -308761000.0,
        "Reconciled Depreciation": 34040000.0,
        "Reconciled Cost Of Revenue": 77676000.0,
        "EBITDA": -273828000.0,
        "EBIT": -307868000.0,
        "Net Interest Income": 333000.0,
        "Interest Expense": 803000.0,
        "Interest Income": 1136000.0,
        "Normalized Income": -155290860.0,
        "Net Income From Continuing And Discontinued Operation": -308761000.0,
        "Total Expenses": 176087000.0,
        "Total Operating Income As Reported": -324882000.0,
        "Diluted Average Shares": NaN,
        "Basic Average Shares": NaN,
        "Diluted EPS": NaN,
        "Basic EPS": NaN,
        "Diluted NI Availto Com Stockholders": -308761000.0,
        "Net Income Common Stockholders": -308761000.0,
        "Net Income": -308761000.0,
        "Net Income Including Noncontrolling Interests": -308761000.0,
        "Net Income Continuous Operations": -308761000.0,
        "Tax Provision": 90000.0,
        "Pretax Income": -308671000.0,
        "Other Income Expense": -194267000.0,
        "Other Non Operating Income Expenses": -1000.0,
        "Special Income Charges": NaN,
        "Write Off": NaN,
        "Gain On Sale Of Security": 15879000.0,
        "Net Non Operating Interest Income Expense": 333000.0,
        "Total Other Finance Cost": NaN,
        "Interest Expense Non Operating": 803000.0,
        "Interest Income Non Operating": 1136000.0,
        "Operating Income": -114737000.0,
        "Operating Expense": 98411000.0,
        "Other Operating Expenses": 1600000.0,
        "Research And Development": 24366000.0,
        "Selling General And Administration": 72445000.0,
        "Selling And Marketing Expense": 31797000.0,
        "General And Administrative Expense": 40648000.0,
        "Other Gand A": 40648000.0,
        "Salaries And Wages": NaN,
        "Gross Profit": -16326000.0,
        "Cost Of Revenue": 77676000.0,
        "Total Revenue": 61350000.0,
        "Operating Revenue": 59345000.0
    },
    "2022-09-30": {
        "Tax Effect Of Unusual Items": 6489.0,
        "Tax Rate For Calcs": 0.0005,
        "Normalized EBITDA": -79316000.0,
        "Total Unusual Items": 12978000.0,
        "Total Unusual Items Excluding Goodwill": 12978000.0,
        "Net Income From Continuing Operation Net Minority Interest": -77581000.0,
        "Reconciled Depreciation": 10502000.0,
        "Reconciled Cost Of Revenue": 69685000.0,
        "EBITDA": -66338000.0,
        "EBIT": -76840000.0,
        "Net Interest Income": 190000.0,
        "Interest Expense": 806000.0,
        "Interest Income": 996000.0,
        "Normalized Income": -90552511.0,
        "Net Income From Continuing And Discontinued Operation": -77581000.0,
        "Total Expenses": 174050000.0,
        "Total Operating Income As Reported": -90816000.0,
        "Diluted Average Shares": 11538308.0,
        "Basic Average Shares": 11538308.0,
        "Diluted EPS": -6.6,
        "Basic EPS": -6.6,
        "Diluted NI Availto Com Stockholders": -77581000.0,
        "Net Income Common Stockholders": -77581000.0,
        "Net Income": -77581000.0,
        "Net Income Including Noncontrolling Interests": -77581000.0,
        "Net Income Continuous Operations": -77581000.0,
        "Tax Provision": -65000.0,
        "Pretax Income": -77646000.0,
        "Other Income Expense": 12980000.0,
        "Other Non Operating Income Expenses": 2000.0,
        "Special Income Charges": NaN,
        "Write Off": NaN,
        "Gain On Sale Of Security": 12978000.0,
        "Net Non Operating Interest Income Expense": 190000.0,
        "Interest Expense Non Operating": 806000.0,
        "Interest Income Non Operating": 996000.0,
        "Operating Income": -90816000.0,
        "Operating Expense": 104365000.0,
        "Other Operating Expenses": 1697000.0,
        "Research And Development": 13354000.0,
        "Selling General And Administration": 89314000.0,
        "Selling And Marketing Expense": 37451000.0,
        "General And Administrative Expense": 51863000.0,
        "Other Gand A": 51863000.0,
        "Salaries And Wages": NaN,
        "Gross Profit": 13549000.0,
        "Cost Of Revenue": 69685000.0,
        "Total Revenue": 83234000.0,
        "Operating Revenue": 81490000.0
    },
    "2022-06-30": {
        "Tax Effect Of Unusual Items": 10258850.8593,
        "Tax Rate For Calcs": 0.364021,
        "Normalized EBITDA": -153247000.0,
        "Total Unusual Items": 28182000.0,
        "Total Unusual Items Excluding Goodwill": 28182000.0,
        "Net Income From Continuing Operation Net Minority Interest": -85742000.0,
        "Reconciled Depreciation": 8964000.0,
        "Reconciled Cost Of Revenue": 65767000.0,
        "EBITDA": -125065000.0,
        "EBIT": -134029000.0,
        "Net Interest Income": -408000.0,
        "Interest Expense": 790000.0,
        "Interest Income": 382000.0,
        "Normalized Income": -103665149.1407,
        "Net Income From Continuing And Discontinued Operation": -85742000.0,
        "Total Expenses": 198818000.0,
        "Total Operating Income As Reported": -162649000.0,
        "Diluted Average Shares": 10234910.0,
        "Basic Average Shares": 10234910.0,
        "Diluted EPS": -8.38,
        "Basic EPS": -8.38,
        "Diluted NI Availto Com Stockholders": -85742000.0,
        "Net Income Common Stockholders": -85742000.0,
        "Net Income": -85742000.0,
        "Net Income Including Noncontrolling Interests": -85742000.0,
        "Net Income Continuous Operations": -85742000.0,
        "Tax Provision": -49077000.0,
        "Pretax Income": -134819000.0,
        "Other Income Expense": 28238000.0,
        "Other Non Operating Income Expenses": 56000.0,
        "Special Income Charges": NaN,
        "Write Off": NaN,
        "Gain On Sale Of Security": 28182000.0,
        "Net Non Operating Interest Income Expense": -408000.0,
        "Interest Expense Non Operating": 790000.0,
        "Interest Income Non Operating": 382000.0,
        "Operating Income": -162649000.0,
        "Operating Expense": 133051000.0,
        "Other Operating Expenses": 1731000.0,
        "Research And Development": 27168000.0,
        "Selling General And Administration": 104152000.0,
        "Selling And Marketing Expense": 36118000.0,
        "General And Administrative Expense": 68034000.0,
        "Other Gand A": 68034000.0,
        "Salaries And Wages": NaN,
        "Gross Profit": -29598000.0,
        "Cost Of Revenue": 65767000.0,
        "Total Revenue": 36169000.0,
        "Operating Revenue": 34004000.0
    },
    "2022-03-31": {
        "Diluted EPS": -10.38,
        "Total Revenue": 54,
        "Gross Profit": 6,
        "Operating Income": -89,
        "EBIT": -83,
        "Net Income": -77
    },
    "2021-12-31": {
        "Diluted EPS": NaN,
        "Total Revenue": 58,
        "Gross Profit": -3,
        "Operating Income": -116,
        "EBIT": -110,
        "Net Income": -40
    },
    "2021-09-30": {
        "Diluted EPS": 5.28,
        "Total Revenue": 43,
        "Gross Profit": -8,
        "Operating Income": -88,
        "EBIT": -83,
        "Net Income": 33
    },
    "2021-06-30": {
        "Diluted EPS": NaN,
        "Total Revenue": 47,
        "Gross Profit": -1,
        "Operating Income": -45,
        "EBIT": -40,
        "Net Income": -46
    },
    "2021-03-31": {
        "Diluted EPS": NaN,
        "Total Revenue": 64,
        "Gross Profit": -4,
        "Operating Income": -197,
        "EBIT": -192,
        "Net Income": -192
    },
    "2020-12-31": {
        "Diluted EPS": 0.0,
        "Total Revenue": NaN,
        "Gross Profit": NaN,
        "Operating Income": NaN,
        "EBIT": NaN,
        "Net Income": NaN
    },
    "2020-09-30": {
        "Diluted EPS": NaN,
        "Total Revenue": 39,
        "Gross Profit": 2,
        "Operating Income": -56,
        "EBIT": -56,
        "Net Income": -57
    },
    "2019-12-31": {
        "Diluted EPS": 0.0,
        "Total Revenue": NaN,
        "Gross Profit": NaN,
        "Operating Income": NaN,
        "EBIT": NaN,
        "Net Income": NaN
    },
    "2023-06-30": {
        "Tax Effect Of Unusual Items": 14818.544176,
        "Tax Rate For Calcs": 0.004178,
        "Normalized EBITDA": -39504000.0,
        "Total Unusual Items": 3547000.0,
        "Total Unusual Items Excluding Goodwill": 3547000.0,
        "Net Income From Continuing Operation Net Minority Interest": -46719000.0,
        "Reconciled Depreciation": 10332000.0,
        "Reconciled Cost Of Revenue": 29949000.0,
        "EBITDA": -35957000.0,
        "EBIT": -46289000.0,
        "Net Interest Income": 1074000.0,
        "Interest Expense": 626000.0,
        "Interest Income": 1700000.0,
        "Normalized Income": -50251181.455824,
        "Net Income From Continuing And Discontinued Operation": -46719000.0,
        "Total Expenses": 100328000.0,
        "Total Operating Income As Reported": -51622000.0,
        "Diluted Average Shares": 25418358.0,
        "Basic Average Shares": 25418358.0,
        "Diluted EPS": -1.84,
        "Basic EPS": -1.84,
        "Diluted NI Availto Com Stockholders": -46719000.0,
        "Net Income Common Stockholders": -46719000.0,
        "Net Income": -46719000.0,
        "Net Income Including Noncontrolling Interests": -46719000.0,
        "Net Income Continuous Operations": -46719000.0,
        "Tax Provision": -196000.0,
        "Pretax Income": -46915000.0,
        "Other Income Expense": 3633000.0,
        "Other Non Operating Income Expenses": 86000.0,
        "Special Income Charges": 0.0,
        "Write Off": 0.0,
        "Gain On Sale Of Security": 3547000.0,
        "Net Non Operating Interest Income Expense": 1074000.0,
        "Total Other Finance Cost": NaN,
        "Interest Expense Non Operating": 626000.0,
        "Interest Income Non Operating": 1700000.0,
        "Operating Income": -51622000.0,
        "Operating Expense": 70379000.0,
        "Other Operating Expenses": 718000.0,
        "Research And Development": 17138000.0,
        "Selling General And Administration": 52523000.0,
        "Selling And Marketing Expense": 15182000.0,
        "General And Administrative Expense": 37341000.0,
        "Other Gand A": 37341000.0,
        "Salaries And Wages": 532000.0,
        "Gross Profit": 18757000.0,
        "Cost Of Revenue": 29949000.0,
        "Total Revenue": 48706000.0,
        "Operating Revenue": 46635000.0
    },
    "2023-09-30": {
        "Tax Effect Of Unusual Items": -31160.770644,
        "Tax Rate For Calcs": 0.004051,
        "Normalized EBITDA": -18321000.0,
        "Total Unusual Items": -7692000.0,
        "Total Unusual Items Excluding Goodwill": -7692000.0,
        "Net Income From Continuing Operation Net Minority Interest": -42286000.0,
        "Reconciled Depreciation": 8672000.0,
        "Reconciled Cost Of Revenue": 28044000.0,
        "EBITDA": -26013000.0,
        "EBIT": -34685000.0,
        "Net Interest Income": 1053000.0,
        "Interest Expense": NaN,
        "Interest Income": NaN,
        "Normalized Income": -34625160.770644,
        "Net Income From Continuing And Discontinued Operation": -42286000.0,
        "Total Expenses": 87988000.0,
        "Total Operating Income As Reported": -42967000.0,
        "Diluted Average Shares": 25788747.0,
        "Basic Average Shares": 25788747.0,
        "Diluted EPS": -1.64,
        "Basic EPS": -1.64,
        "Diluted NI Availto Com Stockholders": -42286000.0,
        "Net Income Common Stockholders": -42286000.0,
        "Net Income": -42286000.0,
        "Net Income Including Noncontrolling Interests": -42286000.0,
        "Net Income Continuous Operations": -42286000.0,
        "Tax Provision": -172000.0,
        "Pretax Income": -42458000.0,
        "Other Income Expense": -8826000.0,
        "Other Non Operating Income Expenses": -1134000.0,
        "Special Income Charges": -8282000.0,
        "Write Off": 8282000.0,
        "Gain On Sale Of Security": 590000.0,
        "Net Non Operating Interest Income Expense": 1053000.0,
        "Total Other Finance Cost": -1053000.0,
        "Interest Expense Non Operating": NaN,
        "Interest Income Non Operating": NaN,
        "Operating Income": -34685000.0,
        "Operating Expense": 59944000.0,
        "Other Operating Expenses": 2794000.0,
        "Research And Development": 14288000.0,
        "Selling General And Administration": 42862000.0,
        "Selling And Marketing Expense": 16763000.0,
        "General And Administrative Expense": 26099000.0,
        "Other Gand A": 26099000.0,
        "Salaries And Wages": NaN,
        "Gross Profit": 25259000.0,
        "Cost Of Revenue": 28044000.0,
        "Total Revenue": 53303000.0,
        "Operating Revenue": 51955000.0
    },
    "2023-12-31": {
        "Tax Effect Of Unusual Items": 7628.551787,
        "Tax Rate For Calcs": 0.015697,
        "Normalized EBITDA": -20035000.0,
        "Total Unusual Items": 486000.0,
        "Total Unusual Items Excluding Goodwill": 486000.0,
        "Net Income From Continuing Operation Net Minority Interest": -25773000.0,
        "Reconciled Depreciation": 6094000.0,
        "Reconciled Cost Of Revenue": 26664000.0,
        "EBITDA": -19549000.0,
        "EBIT": -25643000.0,
        "Net Interest Income": -978000.0,
        "Interest Expense": NaN,
        "Interest Income": NaN,
        "Normalized Income": -26251371.448213,
        "Net Income From Continuing And Discontinued Operation": -25773000.0,
        "Total Expenses": 83061000.0,
        "Total Operating Income As Reported": -25643000.0,
        "Diluted Average Shares": NaN,
        "Basic Average Shares": NaN,
        "Diluted EPS": NaN,
        "Basic EPS": NaN,
        "Diluted NI Availto Com Stockholders": -25773000.0,
        "Net Income Common Stockholders": -25773000.0,
        "Net Income": -25773000.0,
        "Net Income Including Noncontrolling Interests": -25773000.0,
        "Net Income Continuous Operations": -25773000.0,
        "Tax Provision": -411000.0,
        "Pretax Income": -26184000.0,
        "Other Income Expense": 437000.0,
        "Other Non Operating Income Expenses": -49000.0,
        "Special Income Charges": 0.0,
        "Write Off": 0.0,
        "Gain On Sale Of Security": 486000.0,
        "Net Non Operating Interest Income Expense": -978000.0,
        "Total Other Finance Cost": 978000.0,
        "Interest Expense Non Operating": NaN,
        "Interest Income Non Operating": NaN,
        "Operating Income": -25643000.0,
        "Operating Expense": 56397000.0,
        "Other Operating Expenses": 1964000.0,
        "Research And Development": 12248000.0,
        "Selling General And Administration": 42185000.0,
        "Selling And Marketing Expense": 15559000.0,
        "General And Administrative Expense": 26626000.0,
        "Other Gand A": 26626000.0,
        "Salaries And Wages": NaN,
        "Gross Profit": 30754000.0,
        "Cost Of Revenue": 26664000.0,
        "Total Revenue": 57418000.0,
        "Operating Revenue": 55214000.0
    },
    "2024-03-31": {
        "Tax Effect Of Unusual Items": -24618.965602,
        "Tax Rate For Calcs": 0.004035,
        "Normalized EBITDA": -8375000.0,
        "Total Unusual Items": -6101000.0,
        "Total Unusual Items Excluding Goodwill": -6101000.0,
        "Net Income From Continuing Operation Net Minority Interest": -20239000.0,
        "Reconciled Depreciation": 5248000.0,
        "Reconciled Cost Of Revenue": 25011000.0,
        "EBITDA": -14476000.0,
        "EBIT": -19724000.0,
        "Net Interest Income": -597000.0,
        "Interest Expense": 597000.0,
        "Interest Income": NaN,
        "Normalized Income": -14162618.965602,
        "Net Income From Continuing And Discontinued Operation": -20239000.0,
        "Total Expenses": 76082000.0,
        "Total Operating Income As Reported": -13660000.0,
        "Diluted Average Shares": 26062170.0,
        "Basic Average Shares": 26062170.0,
        "Diluted EPS": -0.78,
        "Basic EPS": -0.78,
        "Diluted NI Availto Com Stockholders": -20239000.0,
        "Net Income Common Stockholders": -20239000.0,
        "Net Income": -20239000.0,
        "Net Income Including Noncontrolling Interests": -20239000.0,
        "Net Income Continuous Operations": -20239000.0,
        "Tax Provision": -82000.0,
        "Pretax Income": -20321000.0,
        "Other Income Expense": -6064000.0,
        "Other Non Operating Income Expenses": 37000.0,
        "Special Income Charges": 0.0,
        "Write Off": 0.0,
        "Gain On Sale Of Security": -6101000.0,
        "Net Non Operating Interest Income Expense": -597000.0,
        "Total Other Finance Cost": NaN,
        "Interest Expense Non Operating": 597000.0,
        "Interest Income Non Operating": NaN,
        "Operating Income": -13660000.0,
        "Operating Expense": 51071000.0,
        "Other Operating Expenses": 974000.0,
        "Research And Development": 11567000.0,
        "Selling General And Administration": 38530000.0,
        "Selling And Marketing Expense": 16085000.0,
        "General And Administrative Expense": 22445000.0,
        "Other Gand A": 22445000.0,
        "Salaries And Wages": NaN,
        "Gross Profit": 37411000.0,
        "Cost Of Revenue": 25011000.0,
        "Total Revenue": 62422000.0,
        "Operating Revenue": 61104000.0
    }
}