{
    "2023-03-31": {
        "Tax Effect Of Unusual Items": -14800.0,
        "Tax Rate For Calcs": 0.4,
        "Normalized EBITDA": 2389000.0,
        "Total Unusual Items": -37000.0,
        "Total Unusual Items Excluding Goodwill": -37000.0,
        "Net Income From Continuing Operation Net Minority Interest": 714000.0,
        "Reconciled Depreciation": 1197000.0,
        "Reconciled Cost Of Revenue": 14202000.0,
        "EBIT": 1155000.0,
        "Normalized Income": 736200.0,
        "Net Income From Continuing And Discontinued Operation": 714000.0,
        "Total Expenses": 21572000.0,
        "Total Operating Income As Reported": 946000.0,
        "Diluted Average Shares": 7968504.0,
        "Basic Average Shares": 7853921.0,
        "Diluted EPS": 0.09,
        "Basic EPS": 0.09,
        "Diluted NI Availto Com Stockholders": 714000.0,
        "Net Income Common Stockholders": 714000.0,
        "Net Income": 714000.0,
        "Net Income Including Noncontrolling Interests": 714000.0,
        "Net Income Continuous Operations": 714000.0,
        "Tax Provision": 776000.0,
        "Pretax Income": 1490000.0,
        "Other Income Expense": 335000.0,
        "Other Non Operating Income Expenses": 372000.0,
        "Special Income Charges": -209000.0,
        "Restructuring And Mergern Acquisition": 209000.0,
        "Gain On Sale Of Security": 172000.0,
        "Operating Income": 1155000.0,
        "Operating Expense": 7370000.0,
        "Other Operating Expenses": 732000.0,
        "Selling General And Administration": 6638000.0,
        "Selling And Marketing Expense": 740000.0,
        "General And Administrative Expense": 5898000.0,
        "Other Gand A": 5898000.0,
        "Gross Profit": 8525000.0,
        "Cost Of Revenue": 14202000.0,
        "Total Revenue": 22727000.0,
        "Operating Revenue": 22619000.0
    },
    "2022-12-31": {
        "Tax Effect Of Unusual Items": -1671034.083005,
        "Tax Rate For Calcs": 0.274751,
        "Normalized EBITDA": 7542000.0,
        "Total Unusual Items": -6082000.0,
        "Total Unusual Items Excluding Goodwill": -6082000.0,
        "Net Income From Continuing Operation Net Minority Interest": -3125000.0,
        "Reconciled Depreciation": 870000.0,
        "Reconciled Cost Of Revenue": 11131000.0,
        "EBIT": 1460000.0,
        "Normalized Income": 1285965.916995,
        "Net Income From Continuing And Discontinued Operation": -3125000.0,
        "Total Expenses": 18996000.0,
        "Total Operating Income As Reported": -3811000.0,
        "Diluted Average Shares": 7775545.0,
        "Basic Average Shares": 7775545.0,
        "Diluted EPS": -0.4,
        "Basic EPS": -0.4,
        "Diluted NI Availto Com Stockholders": -3125000.0,
        "Net Income Common Stockholders": -3125000.0,
        "Net Income": -3125000.0,
        "Net Income Including Noncontrolling Interests": -3128000.0,
        "Net Income Continuous Operations": -3128000.0,
        "Tax Provision": -1185000.0,
        "Pretax Income": -4313000.0,
        "Other Income Expense": -5773000.0,
        "Other Non Operating Income Expenses": 309000.0,
        "Special Income Charges": -5271000.0,
        "Restructuring And Mergern Acquisition": 5271000.0,
        "Gain On Sale Of Security": -811000.0,
        "Operating Income": 1460000.0,
        "Operating Expense": 7865000.0,
        "Other Operating Expenses": 890000.0,
        "Selling General And Administration": 6975000.0,
        "Selling And Marketing Expense": 677000.0,
        "General And Administrative Expense": 6298000.0,
        "Other Gand A": 6298000.0,
        "Gross Profit": 9325000.0,
        "Cost Of Revenue": 11131000.0,
        "Total Revenue": 20456000.0,
        "Operating Revenue": 19888000.0
    },
    "2022-09-30": {
        "Tax Effect Of Unusual Items": -58000.0,
        "Tax Rate For Calcs": 0.4,
        "Normalized EBITDA": -394000.0,
        "Total Unusual Items": -145000.0,
        "Total Unusual Items Excluding Goodwill": -145000.0,
        "Net Income From Continuing Operation Net Minority Interest": -1175000.0,
        "Reconciled Depreciation": 543000.0,
        "Reconciled Cost Of Revenue": 9526000.0,
        "EBIT": -1082000.0,
        "Normalized Income": -1088000.0,
        "Net Income From Continuing And Discontinued Operation": -1175000.0,
        "Total Expenses": 16488000.0,
        "Total Operating Income As Reported": -1082000.0,
        "Diluted Average Shares": 7794060.0,
        "Basic Average Shares": 7794060.0,
        "Diluted EPS": -0.15,
        "Basic EPS": -0.15,
        "Diluted NI Availto Com Stockholders": -1175000.0,
        "Net Income Common Stockholders": -1175000.0,
        "Net Income": -1175000.0,
        "Net Income Including Noncontrolling Interests": -1175000.0,
        "Net Income Continuous Operations": -1175000.0,
        "Tax Provision": 154000.0,
        "Pretax Income": -1021000.0,
        "Other Income Expense": 61000.0,
        "Other Non Operating Income Expenses": 206000.0,
        "Special Income Charges": NaN,
        "Restructuring And Mergern Acquisition": NaN,
        "Gain On Sale Of Security": -145000.0,
        "Operating Income": -1082000.0,
        "Operating Expense": 6962000.0,
        "Other Operating Expenses": 615000.0,
        "Selling General And Administration": 6347000.0,
        "Selling And Marketing Expense": 335000.0,
        "General And Administrative Expense": 6012000.0,
        "Other Gand A": 6012000.0,
        "Gross Profit": 5880000.0,
        "Cost Of Revenue": 9526000.0,
        "Total Revenue": 15406000.0,
        "Operating Revenue": 15651000.0
    },
    "2022-06-30": {
        "Tax Effect Of Unusual Items": -51353.71179,
        "Tax Rate For Calcs": 0.174672,
        "Normalized EBITDA": 477000.0,
        "Total Unusual Items": -294000.0,
        "Total Unusual Items Excluding Goodwill": -294000.0,
        "Net Income From Continuing Operation Net Minority Interest": -378000.0,
        "Reconciled Depreciation": 581000.0,
        "Reconciled Cost Of Revenue": 9133000.0,
        "EBIT": -398000.0,
        "Normalized Income": -135353.71179,
        "Net Income From Continuing And Discontinued Operation": -378000.0,
        "Total Expenses": 16001000.0,
        "Total Operating Income As Reported": -398000.0,
        "Diluted Average Shares": 7944212.0,
        "Basic Average Shares": 7944212.0,
        "Diluted EPS": -0.05,
        "Basic EPS": -0.05,
        "Diluted NI Availto Com Stockholders": -378000.0,
        "Net Income Common Stockholders": -378000.0,
        "Net Income": -378000.0,
        "Net Income Including Noncontrolling Interests": -378000.0,
        "Net Income Continuous Operations": -378000.0,
        "Tax Provision": -80000.0,
        "Pretax Income": -458000.0,
        "Other Income Expense": -60000.0,
        "Other Non Operating Income Expenses": 234000.0,
        "Special Income Charges": NaN,
        "Restructuring And Mergern Acquisition": NaN,
        "Gain On Sale Of Security": -294000.0,
        "Operating Income": -398000.0,
        "Operating Expense": 6868000.0,
        "Other Operating Expenses": 601000.0,
        "Selling General And Administration": 6267000.0,
        "Selling And Marketing Expense": 509000.0,
        "General And Administrative Expense": 5758000.0,
        "Other Gand A": 5758000.0,
        "Gross Profit": 6470000.0,
        "Cost Of Revenue": 9133000.0,
        "Total Revenue": 15603000.0,
        "Operating Revenue": 16345000.0
    },
    "2023-06-30": {
        "Tax Effect Of Unusual Items": 1295045.136375,
        "Tax Rate For Calcs": 0.300266,
        "Normalized EBITDA": -3510000.0,
        "Total Unusual Items": 4313000.0,
        "Total Unusual Items Excluding Goodwill": 4313000.0,
        "Net Income From Continuing Operation Net Minority Interest": 2899000.0,
        "Reconciled Depreciation": 1212000.0,
        "Reconciled Cost Of Revenue": 13688000.0,
        "EBIT": -409000.0,
        "Normalized Income": -118954.863625,
        "Net Income From Continuing And Discontinued Operation": 2899000.0,
        "Total Expenses": 22354000.0,
        "Total Operating Income As Reported": 3669000.0,
        "Diluted Average Shares": 8131333.0,
        "Basic Average Shares": 7991228.0,
        "Diluted EPS": 0.36,
        "Basic EPS": 0.36,
        "Diluted NI Availto Com Stockholders": 2899000.0,
        "Net Income Common Stockholders": 2899000.0,
        "Net Income": 2899000.0,
        "Net Income Including Noncontrolling Interests": 2899000.0,
        "Net Income Continuous Operations": 2899000.0,
        "Tax Provision": 1244000.0,
        "Pretax Income": 4143000.0,
        "Other Income Expense": 4552000.0,
        "Other Non Operating Income Expenses": 239000.0,
        "Special Income Charges": 4078000.0,
        "Restructuring And Mergern Acquisition": -4078000.0,
        "Gain On Sale Of Security": 235000.0,
        "Operating Income": -409000.0,
        "Operating Expense": 8666000.0,
        "Other Operating Expenses": 3312000.0,
        "Selling General And Administration": 5354000.0,
        "Selling And Marketing Expense": 764000.0,
        "General And Administrative Expense": 4590000.0,
        "Other Gand A": 4590000.0,
        "Gross Profit": 8257000.0,
        "Cost Of Revenue": 13688000.0,
        "Total Revenue": 21945000.0,
        "Operating Revenue": 21823000.0
    },
    "2022-03-31": {
        "Diluted EPS": 0.01,
        "Total Revenue": 17,
        "Gross Profit": 17,
        "Operating Income": 0,
        "EBIT": 1,
        "Net Income": 0
    },
    "2021-12-31": {
        "Diluted EPS": 0.35,
        "Total Revenue": 19,
        "Gross Profit": 19,
        "Operating Income": 2,
        "EBIT": 3,
        "Net Income": 3
    },
    "2021-09-30": {
        "Diluted EPS": 0.24,
        "Total Revenue": 18,
        "Gross Profit": 18,
        "Operating Income": 2,
        "EBIT": 3,
        "Net Income": 2
    },
    "2021-06-30": {
        "Diluted EPS": 0.12,
        "Total Revenue": 17,
        "Gross Profit": 17,
        "Operating Income": 1,
        "EBIT": 1,
        "Net Income": 1
    },
    "2021-03-31": {
        "Diluted EPS": 0.52,
        "Total Revenue": 18,
        "Gross Profit": 18,
        "Operating Income": 1,
        "EBIT": 1,
        "Net Income": 4
    },
    "2020-12-31": {
        "Diluted EPS": 0.39,
        "Total Revenue": 17,
        "Gross Profit": 17,
        "Operating Income": 2,
        "EBIT": 3,
        "Net Income": 3
    },
    "2020-09-30": {
        "Diluted EPS": -1.31,
        "Total Revenue": 15,
        "Gross Profit": 15,
        "Operating Income": -4,
        "EBIT": -3,
        "Net Income": -10
    },
    "2020-06-30": {
        "Diluted EPS": -0.33,
        "Total Revenue": 16,
        "Gross Profit": 16,
        "Operating Income": -2,
        "EBIT": -1,
        "Net Income": -3
    },
    "2020-03-31": {
        "Diluted EPS": 0.13,
        "Total Revenue": 17,
        "Gross Profit": 17,
        "Operating Income": 0,
        "EBIT": 1,
        "Net Income": 1
    },
    "2019-12-31": {
        "Diluted EPS": 0.3,
        "Total Revenue": 19,
        "Gross Profit": 19,
        "Operating Income": -1,
        "EBIT": 0,
        "Net Income": 3
    },
    "2019-09-30": {
        "Diluted EPS": 0.13,
        "Total Revenue": 20,
        "Gross Profit": 20,
        "Operating Income": 2,
        "EBIT": 2,
        "Net Income": 1
    },
    "2019-06-30": {
        "Diluted EPS": 0.22,
        "Total Revenue": 22,
        "Gross Profit": 22,
        "Operating Income": 3,
        "EBIT": 3,
        "Net Income": 2
    },
    "2019-03-31": {
        "Diluted EPS": 0.05,
        "Total Revenue": 24,
        "Gross Profit": 24,
        "Operating Income": 1,
        "EBIT": 2,
        "Net Income": 0
    },
    "2018-12-31": {
        "Diluted EPS": 0.64,
        "Total Revenue": 26,
        "Gross Profit": 26,
        "Operating Income": 8,
        "EBIT": 9,
        "Net Income": 5
    },
    "2018-09-30": {
        "Diluted EPS": 0.62,
        "Total Revenue": 30,
        "Gross Profit": 30,
        "Operating Income": 7,
        "EBIT": 8,
        "Net Income": 5
    },
    "2018-06-30": {
        "Diluted EPS": 0.94,
        "Total Revenue": 33,
        "Gross Profit": 33,
        "Operating Income": 11,
        "EBIT": 12,
        "Net Income": 8
    },
    "2018-03-31": {
        "Diluted EPS": 0.93,
        "Total Revenue": 34,
        "Gross Profit": 34,
        "Operating Income": 10,
        "EBIT": 11,
        "Net Income": 8
    },
    "2017-12-31": {
        "Diluted EPS": 0.33,
        "Total Revenue": 34,
        "Gross Profit": 34,
        "Operating Income": 10,
        "EBIT": 11,
        "Net Income": 3
    },
    "2017-09-30": {
        "Diluted EPS": 0.49,
        "Total Revenue": 33,
        "Gross Profit": 33,
        "Operating Income": 6,
        "EBIT": 6,
        "Net Income": 4
    },
    "2017-06-30": {
        "Diluted EPS": 0.83,
        "Total Revenue": 34,
        "Gross Profit": 34,
        "Operating Income": 11,
        "EBIT": 11,
        "Net Income": 7
    },
    "2017-03-31": {
        "Diluted EPS": 0.73,
        "Total Revenue": 33,
        "Gross Profit": 33,
        "Operating Income": 8,
        "EBIT": 9,
        "Net Income": 6
    },
    "2016-12-31": {
        "Diluted EPS": 0.92,
        "Total Revenue": 31,
        "Gross Profit": 31,
        "Operating Income": 11,
        "EBIT": 12,
        "Net Income": 8
    },
    "2016-09-30": {
        "Diluted EPS": 0.72,
        "Total Revenue": 32,
        "Gross Profit": 32,
        "Operating Income": 9,
        "EBIT": 10,
        "Net Income": 6
    },
    "2016-06-30": {
        "Diluted EPS": 0.69,
        "Total Revenue": 31,
        "Gross Profit": 31,
        "Operating Income": 9,
        "EBIT": 9,
        "Net Income": 6
    },
    "2016-03-31": {
        "Diluted EPS": 0.44,
        "Total Revenue": 29,
        "Gross Profit": 29,
        "Operating Income": 6,
        "EBIT": 6,
        "Net Income": 4
    },
    "2015-12-31": {
        "Diluted EPS": 0.52,
        "Total Revenue": 32,
        "Gross Profit": 32,
        "Operating Income": 9,
        "EBIT": 10,
        "Net Income": 5
    },
    "2015-09-30": {
        "Diluted EPS": 0.87,
        "Total Revenue": 32,
        "Gross Profit": 32,
        "Operating Income": 11,
        "EBIT": 11,
        "Net Income": 7
    },
    "2015-06-30": {
        "Diluted EPS": 1.23,
        "Total Revenue": 37,
        "Gross Profit": 37,
        "Operating Income": 15,
        "EBIT": 15,
        "Net Income": 10
    },
    "2015-03-31": {
        "Diluted EPS": 0.71,
        "Total Revenue": 30,
        "Gross Profit": 30,
        "Operating Income": 8,
        "EBIT": 9,
        "Net Income": 6
    },
    "2014-12-31": {
        "Diluted EPS": 0.69,
        "Total Revenue": 28,
        "Gross Profit": 28,
        "Operating Income": 9,
        "EBIT": 10,
        "Net Income": 6
    },
    "2014-09-30": {
        "Diluted EPS": 0.92,
        "Total Revenue": 28,
        "Gross Profit": 28,
        "Operating Income": 11,
        "EBIT": 11,
        "Net Income": 7
    },
    "2014-06-30": {
        "Diluted EPS": 1.12,
        "Total Revenue": 31,
        "Gross Profit": 31,
        "Operating Income": 13,
        "EBIT": 14,
        "Net Income": 9
    },
    "2014-03-31": {
        "Diluted EPS": 0.72,
        "Total Revenue": 26,
        "Gross Profit": 26,
        "Operating Income": 9,
        "EBIT": 9,
        "Net Income": 6
    },
    "2013-12-31": {
        "Diluted EPS": 0.72,
        "Total Revenue": 25,
        "Gross Profit": 25,
        "Operating Income": 9,
        "EBIT": 9,
        "Net Income": 6
    },
    "2013-09-30": {
        "Diluted EPS": 0.57,
        "Total Revenue": 23,
        "Gross Profit": 23,
        "Operating Income": 7,
        "EBIT": 7,
        "Net Income": 4
    },
    "2013-06-30": {
        "Diluted EPS": 0.65,
        "Total Revenue": 23,
        "Gross Profit": 23,
        "Operating Income": 8,
        "EBIT": 8,
        "Net Income": 5
    },
    "2013-03-31": {
        "Diluted EPS": 0.38,
        "Total Revenue": 20,
        "Gross Profit": 20,
        "Operating Income": 5,
        "EBIT": 5,
        "Net Income": 3
    },
    "2012-12-31": {
        "Diluted EPS": 0.49,
        "Total Revenue": 21,
        "Gross Profit": 21,
        "Operating Income": 6,
        "EBIT": 6,
        "Net Income": 4
    },
    "2012-09-30": {
        "Diluted EPS": 0.34,
        "Total Revenue": 19,
        "Gross Profit": 19,
        "Operating Income": 4,
        "EBIT": 5,
        "Net Income": 3
    },
    "2012-06-30": {
        "Diluted EPS": 0.3,
        "Total Revenue": 20,
        "Gross Profit": 20,
        "Operating Income": 4,
        "EBIT": 4,
        "Net Income": 2
    },
    "2012-03-31": {
        "Diluted EPS": 0.52,
        "Total Revenue": 18,
        "Gross Profit": 18,
        "Operating Income": 6,
        "EBIT": 6,
        "Net Income": 4
    },
    "2011-12-31": {
        "Diluted EPS": 0.56,
        "Total Revenue": 17,
        "Gross Profit": 17,
        "Operating Income": 6,
        "EBIT": 6,
        "Net Income": 4
    },
    "2011-09-30": {
        "Diluted EPS": 0.46,
        "Total Revenue": 16,
        "Gross Profit": 16,
        "Operating Income": 5,
        "EBIT": 5,
        "Net Income": 3
    },
    "2011-06-30": {
        "Diluted EPS": 0.52,
        "Total Revenue": 19,
        "Gross Profit": 19,
        "Operating Income": 6,
        "EBIT": 6,
        "Net Income": 4
    },
    "2011-03-31": {
        "Diluted EPS": 0.5,
        "Total Revenue": 17,
        "Gross Profit": 17,
        "Operating Income": 6,
        "EBIT": 6,
        "Net Income": 4
    },
    "2010-12-31": {
        "Diluted EPS": 0.46,
        "Total Revenue": 15,
        "Gross Profit": 15,
        "Operating Income": 5,
        "EBIT": 5,
        "Net Income": 3
    },
    "2010-09-30": {
        "Diluted EPS": 0.38,
        "Total Revenue": 13,
        "Gross Profit": 13,
        "Operating Income": 4,
        "EBIT": 4,
        "Net Income": 3
    },
    "2010-06-30": {
        "Diluted EPS": 0.34,
        "Total Revenue": 13,
        "Gross Profit": 13,
        "Operating Income": 4,
        "EBIT": 4,
        "Net Income": 2
    },
    "2010-03-31": {
        "Diluted EPS": 0.4,
        "Total Revenue": 13,
        "Gross Profit": 13,
        "Operating Income": 5,
        "EBIT": 5,
        "Net Income": 3
    },
    "2009-12-31": {
        "Diluted EPS": 0.35,
        "Total Revenue": 13,
        "Gross Profit": 13,
        "Operating Income": 4,
        "EBIT": 4,
        "Net Income": 3
    },
    "2009-09-30": {
        "Diluted EPS": 0.32,
        "Total Revenue": 12,
        "Gross Profit": 12,
        "Operating Income": 4,
        "EBIT": 4,
        "Net Income": 2
    },
    "2009-06-30": {
        "Diluted EPS": 0.23,
        "Total Revenue": 10,
        "Gross Profit": 10,
        "Operating Income": 3,
        "EBIT": 3,
        "Net Income": 2
    },
    "2009-03-31": {
        "Diluted EPS": 0.19,
        "Total Revenue": 8,
        "Gross Profit": 8,
        "Operating Income": 2,
        "EBIT": 2,
        "Net Income": 1
    }
}