{
    "2023-03-31": {
        "Tax Effect Of Unusual Items": -4374.0,
        "Tax Rate For Calcs": 0.243,
        "Normalized EBITDA": 280000.0,
        "Total Unusual Items": -18000.0,
        "Total Unusual Items Excluding Goodwill": -18000.0,
        "Net Income From Continuing Operation Net Minority Interest": 159000.0,
        "Reconciled Depreciation": 51000.0,
        "EBITDA": 262000.0,
        "EBIT": 211000.0,
        "Net Interest Income": -1000.0,
        "Interest Expense": 1000.0,
        "Normalized Income": 172626.0,
        "Net Income From Continuing And Discontinued Operation": 159000.0,
        "Total Expenses": 4255000.0,
        "Total Operating Income As Reported": 229000.0,
        "Diluted Average Shares": 5157000.0,
        "Basic Average Shares": 5157000.0,
        "Diluted EPS": 0.03,
        "Basic EPS": 0.03,
        "Diluted NI Availto Com Stockholders": 159000.0,
        "Net Income Common Stockholders": 159000.0,
        "Net Income": 159000.0,
        "Net Income Including Noncontrolling Interests": 159000.0,
        "Net Income Continuous Operations": 159000.0,
        "Tax Provision": 51000.0,
        "Pretax Income": 210000.0,
        "Other Income Expense": -18000.0,
        "Gain On Sale Of Security": -18000.0,
        "Net Non Operating Interest Income Expense": -1000.0,
        "Interest Expense Non Operating": 1000.0,
        "Operating Income": 229000.0,
        "Operating Expense": 4255000.0,
        "Other Operating Expenses": 244000.0,
        "Depreciation Amortization Depletion Income Statement": 51000.0,
        "Depreciation And Amortization In Income Statement": 51000.0,
        "Selling General And Administration": 3960000.0,
        "General And Administrative Expense": 3960000.0,
        "Other Gand A": 1080000.0,
        "Salaries And Wages": 2880000.0,
        "Total Revenue": 4484000.0,
        "Operating Revenue": 4484000.0
    },
    "2022-12-31": {
        "Tax Effect Of Unusual Items": -9870.0,
        "Tax Rate For Calcs": 0.21,
        "Normalized EBITDA": -121000.0,
        "Total Unusual Items": -47000.0,
        "Total Unusual Items Excluding Goodwill": -47000.0,
        "Net Income From Continuing Operation Net Minority Interest": -18000.0,
        "Reconciled Depreciation": 45000.0,
        "EBITDA": -168000.0,
        "EBIT": -213000.0,
        "Net Interest Income": -1000.0,
        "Interest Expense": 1000.0,
        "Normalized Income": 19130.0,
        "Net Income From Continuing And Discontinued Operation": -18000.0,
        "Total Expenses": -32567000.0,
        "Total Operating Income As Reported": -166000.0,
        "Diluted Average Shares": 5157000.0,
        "Basic Average Shares": 5157000.0,
        "Diluted EPS": -0.00349,
        "Basic EPS": -0.00349,
        "Diluted NI Availto Com Stockholders": -18000.0,
        "Net Income Common Stockholders": -18000.0,
        "Net Income": -18000.0,
        "Net Income Including Noncontrolling Interests": -18000.0,
        "Net Income Continuous Operations": -18000.0,
        "Tax Provision": -196000.0,
        "Pretax Income": -214000.0,
        "Other Income Expense": -47000.0,
        "Special Income Charges": 0.0,
        "Gain On Sale Of Security": -47000.0,
        "Net Non Operating Interest Income Expense": -1000.0,
        "Interest Expense Non Operating": 1000.0,
        "Operating Income": -166000.0,
        "Operating Expense": 4257000.0,
        "Other Operating Expenses": 370000.0,
        "Other Taxes": 0.0,
        "Depreciation Amortization Depletion Income Statement": 45000.0,
        "Depreciation And Amortization In Income Statement": 45000.0,
        "Selling General And Administration": 3842000.0,
        "General And Administrative Expense": 3842000.0,
        "Other Gand A": 1037000.0,
        "Salaries And Wages": 2805000.0,
        "Total Revenue": -32733000.0,
        "Operating Revenue": -32733000.0
    },
    "2022-09-30": {
        "Tax Effect Of Unusual Items": 42800.0,
        "Tax Rate For Calcs": 0.4,
        "Normalized EBITDA": 713000.0,
        "Total Unusual Items": 107000.0,
        "Total Unusual Items Excluding Goodwill": 107000.0,
        "Net Income From Continuing Operation Net Minority Interest": 1887000.0,
        "Reconciled Depreciation": 42000.0,
        "Reconciled Cost Of Revenue": 11822000.0,
        "EBITDA": 820000.0,
        "EBIT": 778000.0,
        "Net Interest Income": -2000.0,
        "Interest Expense": 2000.0,
        "Normalized Income": 1822800.0,
        "Net Income From Continuing And Discontinued Operation": 1887000.0,
        "Total Expenses": 15593000.0,
        "Total Operating Income As Reported": 671000.0,
        "Diluted Average Shares": 5157000.0,
        "Basic Average Shares": 5157000.0,
        "Diluted EPS": 0.37,
        "Basic EPS": 0.37,
        "Diluted NI Availto Com Stockholders": 1887000.0,
        "Net Income Common Stockholders": 1887000.0,
        "Net Income": 1887000.0,
        "Net Income Including Noncontrolling Interests": 1887000.0,
        "Net Income Continuous Operations": 1887000.0,
        "Tax Provision": -1111000.0,
        "Pretax Income": 776000.0,
        "Other Income Expense": 107000.0,
        "Special Income Charges": 0.0,
        "Gain On Sale Of Security": 107000.0,
        "Net Non Operating Interest Income Expense": -2000.0,
        "Interest Expense Non Operating": 2000.0,
        "Operating Income": 671000.0,
        "Operating Expense": 3771000.0,
        "Other Operating Expenses": 247000.0,
        "Other Taxes": 0.0,
        "Depreciation Amortization Depletion Income Statement": 42000.0,
        "Depreciation And Amortization In Income Statement": 42000.0,
        "Selling General And Administration": 3729000.0,
        "General And Administrative Expense": 3729000.0,
        "Other Gand A": 976000.0,
        "Salaries And Wages": 2753000.0,
        "Gross Profit": 4442000.0,
        "Cost Of Revenue": 11822000.0,
        "Total Revenue": 16264000.0,
        "Operating Revenue": 16264000.0
    },
    "2022-06-30": {
        "Tax Effect Of Unusual Items": 21780.0,
        "Tax Rate For Calcs": 0.198,
        "Normalized EBITDA": 1087000.0,
        "Total Unusual Items": 110000.0,
        "Total Unusual Items Excluding Goodwill": 110000.0,
        "Net Income From Continuing Operation Net Minority Interest": 921000.0,
        "Reconciled Depreciation": 47000.0,
        "Reconciled Cost Of Revenue": 12905000.0,
        "EBITDA": 1197000.0,
        "EBIT": 1150000.0,
        "Net Interest Income": -2000.0,
        "Interest Expense": 2000.0,
        "Normalized Income": 832780.0,
        "Net Income From Continuing And Discontinued Operation": 921000.0,
        "Total Expenses": 16564000.0,
        "Total Operating Income As Reported": 1040000.0,
        "Diluted Average Shares": 5157000.0,
        "Basic Average Shares": 5157000.0,
        "Diluted EPS": 0.18,
        "Basic EPS": 0.18,
        "Diluted NI Availto Com Stockholders": 921000.0,
        "Net Income Common Stockholders": 921000.0,
        "Net Income": 921000.0,
        "Net Income Including Noncontrolling Interests": 921000.0,
        "Net Income Continuous Operations": 921000.0,
        "Tax Provision": 227000.0,
        "Pretax Income": 1148000.0,
        "Other Income Expense": 110000.0,
        "Special Income Charges": 0.0,
        "Gain On Sale Of Security": 110000.0,
        "Net Non Operating Interest Income Expense": -2000.0,
        "Interest Expense Non Operating": 2000.0,
        "Operating Income": 1040000.0,
        "Operating Expense": 3659000.0,
        "Other Operating Expenses": 222000.0,
        "Other Taxes": 0.0,
        "Depreciation Amortization Depletion Income Statement": 47000.0,
        "Depreciation And Amortization In Income Statement": 47000.0,
        "Selling General And Administration": 3612000.0,
        "General And Administrative Expense": 3612000.0,
        "Other Gand A": 915000.0,
        "Salaries And Wages": 2697000.0,
        "Gross Profit": 4699000.0,
        "Cost Of Revenue": 12905000.0,
        "Total Revenue": 17604000.0,
        "Operating Revenue": 17604000.0
    },
    "2022-03-31": {
        "Diluted EPS": 0.14,
        "Total Revenue": 5,
        "Gross Profit": 5,
        "Operating Income": 1,
        "EBIT": 1,
        "Net Income": 1
    },
    "2021-12-31": {
        "Diluted EPS": 0.0,
        "Total Revenue": 4,
        "Gross Profit": 4,
        "Operating Income": 0,
        "EBIT": 0,
        "Net Income": 0
    },
    "2021-09-30": {
        "Diluted EPS": 0.22,
        "Total Revenue": 4,
        "Gross Profit": 4,
        "Operating Income": 1,
        "EBIT": 1,
        "Net Income": 1
    },
    "2021-06-30": {
        "Diluted EPS": 0.22,
        "Total Revenue": 15,
        "Gross Profit": 4,
        "Operating Income": 1,
        "EBIT": 1,
        "Net Income": 1
    },
    "2021-03-31": {
        "Diluted EPS": 0.43,
        "Total Revenue": 12,
        "Gross Profit": 3,
        "Operating Income": 0,
        "EBIT": 0,
        "Net Income": 2
    },
    "2020-12-31": {
        "Diluted EPS": 0.08,
        "Total Revenue": -18,
        "Gross Profit": 4,
        "Operating Income": 1,
        "EBIT": 1,
        "Net Income": 0
    },
    "2020-09-30": {
        "Diluted EPS": 0.0,
        "Total Revenue": 11,
        "Gross Profit": 3,
        "Operating Income": 0,
        "EBIT": 0,
        "Net Income": 0
    },
    "2020-06-30": {
        "Diluted EPS": -0.52,
        "Total Revenue": 5,
        "Gross Profit": 1,
        "Operating Income": -3,
        "EBIT": -3,
        "Net Income": -3
    },
    "2020-03-31": {
        "Diluted EPS": -0.52,
        "Total Revenue": 15,
        "Gross Profit": 4,
        "Operating Income": -2,
        "EBIT": -1,
        "Net Income": -3
    },
    "2019-12-31": {
        "Diluted EPS": -0.96,
        "Total Revenue": 18,
        "Gross Profit": 5,
        "Operating Income": -5,
        "EBIT": 0,
        "Net Income": -5
    },
    "2019-09-30": {
        "Diluted EPS": -0.03,
        "Total Revenue": 17,
        "Gross Profit": 5,
        "Operating Income": 0,
        "EBIT": 0,
        "Net Income": 0
    },
    "2019-06-30": {
        "Diluted EPS": 0.09,
        "Total Revenue": 20,
        "Gross Profit": 6,
        "Operating Income": 1,
        "EBIT": 1,
        "Net Income": 0
    },
    "2019-03-31": {
        "Diluted EPS": -0.02,
        "Total Revenue": 20,
        "Gross Profit": 6,
        "Operating Income": 0,
        "EBIT": 0,
        "Net Income": 0
    },
    "2018-12-31": {
        "Diluted EPS": 0.01,
        "Total Revenue": 18,
        "Gross Profit": 5,
        "Operating Income": 0,
        "EBIT": 0,
        "Net Income": 0
    },
    "2018-09-30": {
        "Diluted EPS": 0.04,
        "Total Revenue": 19,
        "Gross Profit": 5,
        "Operating Income": 0,
        "EBIT": 1,
        "Net Income": 0
    },
    "2018-06-30": {
        "Diluted EPS": 0.07,
        "Total Revenue": 21,
        "Gross Profit": 6,
        "Operating Income": 1,
        "EBIT": 1,
        "Net Income": 0
    },
    "2018-03-31": {
        "Diluted EPS": 0.04,
        "Total Revenue": 20,
        "Gross Profit": 6,
        "Operating Income": 0,
        "EBIT": 1,
        "Net Income": 0
    },
    "2017-12-31": {
        "Diluted EPS": 0.04,
        "Total Revenue": 17,
        "Gross Profit": 5,
        "Operating Income": -1,
        "EBIT": 0,
        "Net Income": 0
    },
    "2017-09-30": {
        "Diluted EPS": 0.0,
        "Total Revenue": 19,
        "Gross Profit": 5,
        "Operating Income": 0,
        "EBIT": 0,
        "Net Income": 0
    },
    "2017-06-30": {
        "Diluted EPS": -0.01,
        "Total Revenue": 18,
        "Gross Profit": 5,
        "Operating Income": 0,
        "EBIT": 0,
        "Net Income": 0
    },
    "2017-03-31": {
        "Diluted EPS": 0.0,
        "Total Revenue": 19,
        "Gross Profit": 5,
        "Operating Income": 0,
        "EBIT": 0,
        "Net Income": 0
    },
    "2016-12-31": {
        "Diluted EPS": -0.1,
        "Total Revenue": 18,
        "Gross Profit": 5,
        "Operating Income": -1,
        "EBIT": 0,
        "Net Income": -1
    },
    "2016-09-30": {
        "Diluted EPS": 0.04,
        "Total Revenue": 21,
        "Gross Profit": 6,
        "Operating Income": 1,
        "EBIT": 1,
        "Net Income": 0
    },
    "2016-06-30": {
        "Diluted EPS": 0.1,
        "Total Revenue": 22,
        "Gross Profit": 6,
        "Operating Income": 1,
        "EBIT": 1,
        "Net Income": 1
    },
    "2016-03-31": {
        "Diluted EPS": -0.02,
        "Total Revenue": 21,
        "Gross Profit": 6,
        "Operating Income": 0,
        "EBIT": 0,
        "Net Income": 0
    },
    "2015-12-31": {
        "Diluted EPS": 0.02,
        "Total Revenue": 19,
        "Gross Profit": 5,
        "Operating Income": 0,
        "EBIT": 0,
        "Net Income": 0
    },
    "2015-09-30": {
        "Diluted EPS": 0.11,
        "Total Revenue": 22,
        "Gross Profit": 6,
        "Operating Income": 1,
        "EBIT": 1,
        "Net Income": 1
    },
    "2015-06-30": {
        "Diluted EPS": 0.06,
        "Total Revenue": 22,
        "Gross Profit": 6,
        "Operating Income": 1,
        "EBIT": 1,
        "Net Income": 0
    },
    "2015-03-31": {
        "Diluted EPS": 0.06,
        "Total Revenue": 21,
        "Gross Profit": 6,
        "Operating Income": 1,
        "EBIT": 1,
        "Net Income": 0
    },
    "2014-12-31": {
        "Diluted EPS": 0.01,
        "Total Revenue": 19,
        "Gross Profit": 5,
        "Operating Income": 0,
        "EBIT": 0,
        "Net Income": 0
    },
    "2014-09-30": {
        "Diluted EPS": 0.06,
        "Total Revenue": 20,
        "Gross Profit": 6,
        "Operating Income": 1,
        "EBIT": 1,
        "Net Income": 0
    },
    "2014-06-30": {
        "Diluted EPS": 0.07,
        "Total Revenue": 20,
        "Gross Profit": 5,
        "Operating Income": 1,
        "EBIT": 1,
        "Net Income": 0
    },
    "2014-03-31": {
        "Diluted EPS": 0.06,
        "Total Revenue": 18,
        "Gross Profit": 5,
        "Operating Income": 1,
        "EBIT": 1,
        "Net Income": 0
    },
    "2013-12-31": {
        "Diluted EPS": 0.45,
        "Total Revenue": 18,
        "Gross Profit": 5,
        "Operating Income": 0,
        "EBIT": 1,
        "Net Income": 3
    },
    "2013-09-30": {
        "Diluted EPS": 0.09,
        "Total Revenue": 18,
        "Gross Profit": 5,
        "Operating Income": 1,
        "EBIT": 1,
        "Net Income": 1
    },
    "2013-06-30": {
        "Diluted EPS": 0.06,
        "Total Revenue": 16,
        "Gross Profit": 5,
        "Operating Income": 1,
        "EBIT": 1,
        "Net Income": 0
    },
    "2013-03-31": {
        "Diluted EPS": 0.0,
        "Total Revenue": 14,
        "Gross Profit": 4,
        "Operating Income": 0,
        "EBIT": 0,
        "Net Income": 0
    },
    "2012-12-31": {
        "Diluted EPS": 0.0,
        "Total Revenue": 14,
        "Gross Profit": 4,
        "Operating Income": 0,
        "EBIT": 0,
        "Net Income": 0
    },
    "2012-09-30": {
        "Diluted EPS": 0.0,
        "Total Revenue": 14,
        "Gross Profit": 4,
        "Operating Income": 0,
        "EBIT": 1,
        "Net Income": 0
    },
    "2012-06-30": {
        "Diluted EPS": 0.0,
        "Total Revenue": 15,
        "Gross Profit": 5,
        "Operating Income": 1,
        "EBIT": 1,
        "Net Income": 1
    },
    "2012-03-31": {
        "Diluted EPS": 0.0,
        "Total Revenue": 13,
        "Gross Profit": 4,
        "Operating Income": 0,
        "EBIT": 1,
        "Net Income": 0
    },
    "2011-12-31": {
        "Diluted EPS": 0.0,
        "Total Revenue": 13,
        "Gross Profit": 5,
        "Operating Income": 0,
        "EBIT": 1,
        "Net Income": 0
    },
    "2011-09-30": {
        "Diluted EPS": 0.0,
        "Total Revenue": 13,
        "Gross Profit": 4,
        "Operating Income": 0,
        "EBIT": 1,
        "Net Income": 0
    },
    "2011-06-30": {
        "Diluted EPS": 0.2,
        "Total Revenue": 15,
        "Gross Profit": 5,
        "Operating Income": 1,
        "EBIT": 1,
        "Net Income": 1
    },
    "2011-03-31": {
        "Diluted EPS": 0.2,
        "Total Revenue": 14,
        "Gross Profit": 4,
        "Operating Income": 1,
        "EBIT": 1,
        "Net Income": 1
    },
    "2010-12-31": {
        "Diluted EPS": 0.0,
        "Total Revenue": 13,
        "Gross Profit": 13,
        "Operating Income": 13,
        "EBIT": 13,
        "Net Income": 0
    },
    "2010-09-30": {
        "Diluted EPS": 0.0,
        "Total Revenue": 12,
        "Gross Profit": 2,
        "Operating Income": 1,
        "EBIT": 1,
        "Net Income": 0
    },
    "2010-06-30": {
        "Diluted EPS": 0.0,
        "Total Revenue": 12,
        "Gross Profit": 4,
        "Operating Income": 1,
        "EBIT": 1,
        "Net Income": 0
    },
    "2010-03-31": {
        "Diluted EPS": 0.0,
        "Total Revenue": 11,
        "Gross Profit": 4,
        "Operating Income": 0,
        "EBIT": 1,
        "Net Income": 0
    },
    "2009-12-31": {
        "Diluted EPS": -0.2,
        "Total Revenue": 9,
        "Gross Profit": 9,
        "Operating Income": 9,
        "EBIT": 9,
        "Net Income": -1
    },
    "2009-09-30": {
        "Diluted EPS": 0.0,
        "Total Revenue": 9,
        "Gross Profit": 9,
        "Operating Income": 9,
        "EBIT": 9,
        "Net Income": 0
    },
    "2023-06-30": {
        "Tax Effect Of Unusual Items": -12810.0,
        "Tax Rate For Calcs": 0.21,
        "Normalized EBITDA": 205000.0,
        "Total Unusual Items": -61000.0,
        "Total Unusual Items Excluding Goodwill": -61000.0,
        "Net Income From Continuing Operation Net Minority Interest": -14000.0,
        "Reconciled Depreciation": 56000.0,
        "EBITDA": 144000.0,
        "EBIT": 88000.0,
        "Net Interest Income": 0.0,
        "Interest Expense": 0.0,
        "Normalized Income": 34190.0,
        "Net Income From Continuing And Discontinued Operation": -14000.0,
        "Total Expenses": 4344000.0,
        "Total Operating Income As Reported": 149000.0,
        "Diluted Average Shares": 5157000.0,
        "Basic Average Shares": 5157000.0,
        "Diluted EPS": -0.002715,
        "Basic EPS": -0.002715,
        "Diluted NI Availto Com Stockholders": -14000.0,
        "Net Income Common Stockholders": -14000.0,
        "Net Income": -14000.0,
        "Net Income Including Noncontrolling Interests": -14000.0,
        "Net Income Continuous Operations": -14000.0,
        "Tax Provision": 102000.0,
        "Pretax Income": 88000.0,
        "Other Income Expense": -61000.0,
        "Gain On Sale Of Security": -61000.0,
        "Net Non Operating Interest Income Expense": 0.0,
        "Interest Expense Non Operating": 0.0,
        "Operating Income": 149000.0,
        "Operating Expense": 4344000.0,
        "Other Operating Expenses": 246000.0,
        "Depreciation Amortization Depletion Income Statement": 56000.0,
        "Depreciation And Amortization In Income Statement": 56000.0,
        "Selling General And Administration": 4042000.0,
        "General And Administrative Expense": 4042000.0,
        "Other Gand A": 1063000.0,
        "Salaries And Wages": 2979000.0,
        "Total Revenue": 4493000.0,
        "Operating Revenue": 4493000.0
    },
    "2023-09-30": {
        "Tax Effect Of Unusual Items": 4680.0,
        "Tax Rate For Calcs": 0.26,
        "Normalized EBITDA": 522000.0,
        "Total Unusual Items": 18000.0,
        "Total Unusual Items Excluding Goodwill": 18000.0,
        "Net Income From Continuing Operation Net Minority Interest": 359000.0,
        "Reconciled Depreciation": 55000.0,
        "EBITDA": 540000.0,
        "EBIT": 485000.0,
        "Net Interest Income": 0.0,
        "Interest Expense": 0.0,
        "Normalized Income": 345680.0,
        "Net Income From Continuing And Discontinued Operation": 359000.0,
        "Total Expenses": 4005000.0,
        "Total Operating Income As Reported": 467000.0,
        "Diluted Average Shares": 5157000.0,
        "Basic Average Shares": 5157000.0,
        "Diluted EPS": 0.07,
        "Basic EPS": 0.07,
        "Diluted NI Availto Com Stockholders": 359000.0,
        "Net Income Common Stockholders": 359000.0,
        "Net Income": 359000.0,
        "Net Income Including Noncontrolling Interests": 359000.0,
        "Net Income Continuous Operations": 359000.0,
        "Tax Provision": 126000.0,
        "Pretax Income": 485000.0,
        "Other Income Expense": 18000.0,
        "Gain On Sale Of Security": 18000.0,
        "Net Non Operating Interest Income Expense": 0.0,
        "Interest Expense Non Operating": 0.0,
        "Operating Income": 467000.0,
        "Operating Expense": 4005000.0,
        "Other Operating Expenses": 248000.0,
        "Depreciation Amortization Depletion Income Statement": 55000.0,
        "Depreciation And Amortization In Income Statement": 55000.0,
        "Selling General And Administration": 3702000.0,
        "General And Administrative Expense": 3702000.0,
        "Other Gand A": 859000.0,
        "Salaries And Wages": 2843000.0,
        "Total Revenue": 4472000.0,
        "Operating Revenue": 4472000.0
    },
    "2023-12-31": {
        "Tax Effect Of Unusual Items": -10271.73913,
        "Tax Rate For Calcs": 0.228261,
        "Normalized EBITDA": 5000.0,
        "Total Unusual Items": -45000.0,
        "Total Unusual Items Excluding Goodwill": -45000.0,
        "Net Income From Continuing Operation Net Minority Interest": -71000.0,
        "Reconciled Depreciation": 46000.0,
        "EBITDA": -40000.0,
        "EBIT": -86000.0,
        "Net Interest Income": 70000.0,
        "Interest Expense": 6000.0,
        "Normalized Income": -36271.73913,
        "Net Income From Continuing And Discontinued Operation": -71000.0,
        "Total Expenses": 3880000.0,
        "Total Operating Income As Reported": -117000.0,
        "Diluted Average Shares": NaN,
        "Basic Average Shares": NaN,
        "Diluted EPS": NaN,
        "Basic EPS": NaN,
        "Diluted NI Availto Com Stockholders": -71000.0,
        "Net Income Common Stockholders": -71000.0,
        "Net Income": -71000.0,
        "Net Income Including Noncontrolling Interests": -71000.0,
        "Net Income Continuous Operations": -71000.0,
        "Tax Provision": -21000.0,
        "Pretax Income": -92000.0,
        "Other Income Expense": -45000.0,
        "Gain On Sale Of Security": -45000.0,
        "Net Non Operating Interest Income Expense": 70000.0,
        "Interest Expense Non Operating": 6000.0,
        "Operating Income": -117000.0,
        "Operating Expense": 3880000.0,
        "Other Operating Expenses": 227000.0,
        "Depreciation Amortization Depletion Income Statement": 46000.0,
        "Depreciation And Amortization In Income Statement": 46000.0,
        "Selling General And Administration": 3607000.0,
        "General And Administrative Expense": 3607000.0,
        "Other Gand A": 828000.0,
        "Salaries And Wages": 2779000.0,
        "Total Revenue": 3763000.0,
        "Operating Revenue": 3763000.0
    }
}