{
    "2023-03-31": {
        "Tax Effect Of Unusual Items": 0.0,
        "Tax Rate For Calcs": 0.199572,
        "Normalized EBITDA": 19254000.0,
        "Net Income From Continuing Operation Net Minority Interest": 10845000.0,
        "Reconciled Depreciation": 1625000.0,
        "Reconciled Cost Of Revenue": 111322000.0,
        "EBITDA": 19254000.0,
        "EBIT": 17629000.0,
        "Net Interest Income": 526000.0,
        "Interest Expense": 4080000.0,
        "Interest Income": 4606000.0,
        "Normalized Income": 10845000.0,
        "Net Income From Continuing And Discontinued Operation": 10845000.0,
        "Total Expenses": 138333000.0,
        "Total Operating Income As Reported": 13023000.0,
        "Diluted Average Shares": 13867017.0,
        "Basic Average Shares": 13867017.0,
        "Diluted EPS": 0.78,
        "Basic EPS": 0.78,
        "Diluted NI Availto Com Stockholders": 10845000.0,
        "Net Income Common Stockholders": 10845000.0,
        "Net Income": 10845000.0,
        "Net Income Including Noncontrolling Interests": 10845000.0,
        "Net Income Continuous Operations": 10845000.0,
        "Tax Provision": 2704000.0,
        "Pretax Income": 13549000.0,
        "Net Non Operating Interest Income Expense": 526000.0,
        "Interest Expense Non Operating": 4080000.0,
        "Interest Income Non Operating": 4606000.0,
        "Operating Income": 13023000.0,
        "Operating Expense": 27011000.0,
        "Other Operating Expenses": -25000.0,
        "Selling General And Administration": 27036000.0,
        "Selling And Marketing Expense": 19919000.0,
        "General And Administrative Expense": 7117000.0,
        "Other Gand A": 7117000.0,
        "Gross Profit": 40034000.0,
        "Cost Of Revenue": 111322000.0,
        "Total Revenue": 151356000.0,
        "Operating Revenue": 151356000.0
    },
    "2022-12-31": {
        "Tax Effect Of Unusual Items": NaN,
        "Tax Rate For Calcs": NaN,
        "Normalized EBITDA": NaN,
        "Net Income From Continuing Operation Net Minority Interest": NaN,
        "Reconciled Depreciation": NaN,
        "Reconciled Cost Of Revenue": NaN,
        "EBITDA": NaN,
        "EBIT": NaN,
        "Net Interest Income": NaN,
        "Interest Expense": -10161000.0,
        "Interest Income": NaN,
        "Normalized Income": NaN,
        "Net Income From Continuing And Discontinued Operation": NaN,
        "Total Expenses": NaN,
        "Total Operating Income As Reported": NaN,
        "Diluted Average Shares": NaN,
        "Basic Average Shares": NaN,
        "Diluted EPS": NaN,
        "Basic EPS": NaN,
        "Diluted NI Availto Com Stockholders": NaN,
        "Net Income Common Stockholders": NaN,
        "Net Income": NaN,
        "Net Income Including Noncontrolling Interests": NaN,
        "Net Income Continuous Operations": NaN,
        "Tax Provision": NaN,
        "Pretax Income": NaN,
        "Net Non Operating Interest Income Expense": NaN,
        "Interest Expense Non Operating": -10161000.0,
        "Interest Income Non Operating": NaN,
        "Operating Income": NaN,
        "Operating Expense": NaN,
        "Other Operating Expenses": NaN,
        "Selling General And Administration": NaN,
        "Selling And Marketing Expense": NaN,
        "General And Administrative Expense": NaN,
        "Other Gand A": NaN,
        "Gross Profit": NaN,
        "Cost Of Revenue": NaN,
        "Total Revenue": NaN,
        "Operating Revenue": NaN
    },
    "2022-09-30": {
        "Tax Effect Of Unusual Items": NaN,
        "Tax Rate For Calcs": NaN,
        "Normalized EBITDA": NaN,
        "Net Income From Continuing Operation Net Minority Interest": NaN,
        "Reconciled Depreciation": NaN,
        "Reconciled Cost Of Revenue": NaN,
        "EBITDA": NaN,
        "EBIT": NaN,
        "Net Interest Income": NaN,
        "Interest Expense": NaN,
        "Interest Income": NaN,
        "Normalized Income": NaN,
        "Net Income From Continuing And Discontinued Operation": NaN,
        "Total Expenses": NaN,
        "Total Operating Income As Reported": NaN,
        "Diluted Average Shares": 13867017.0,
        "Basic Average Shares": 13867017.0,
        "Diluted EPS": 0.55,
        "Basic EPS": 0.55,
        "Diluted NI Availto Com Stockholders": NaN,
        "Net Income Common Stockholders": NaN,
        "Net Income": NaN,
        "Net Income Including Noncontrolling Interests": NaN,
        "Net Income Continuous Operations": NaN,
        "Tax Provision": NaN,
        "Pretax Income": NaN,
        "Net Non Operating Interest Income Expense": NaN,
        "Interest Expense Non Operating": NaN,
        "Interest Income Non Operating": NaN,
        "Operating Income": NaN,
        "Operating Expense": NaN,
        "Other Operating Expenses": NaN,
        "Selling General And Administration": NaN,
        "Selling And Marketing Expense": NaN,
        "General And Administrative Expense": NaN,
        "Other Gand A": NaN,
        "Gross Profit": NaN,
        "Cost Of Revenue": NaN,
        "Total Revenue": NaN,
        "Operating Revenue": NaN
    },
    "2022-06-30": {
        "Tax Effect Of Unusual Items": 0.0,
        "Tax Rate For Calcs": 0.238988,
        "Normalized EBITDA": 20803000.0,
        "Net Income From Continuing Operation Net Minority Interest": 7222000.0,
        "Reconciled Depreciation": 1450000.0,
        "Reconciled Cost Of Revenue": 84373000.0,
        "EBITDA": 20803000.0,
        "EBIT": 19353000.0,
        "Net Interest Income": -4986000.0,
        "Interest Expense": 9863000.0,
        "Interest Income": 4877000.0,
        "Normalized Income": 7222000.0,
        "Net Income From Continuing And Discontinued Operation": 7222000.0,
        "Total Expenses": 108679000.0,
        "Total Operating Income As Reported": 14476000.0,
        "Diluted Average Shares": 13867017.0,
        "Basic Average Shares": 13867017.0,
        "Diluted EPS": 0.5,
        "Basic EPS": 0.5,
        "Diluted NI Availto Com Stockholders": 7222000.0,
        "Net Income Common Stockholders": 7222000.0,
        "Net Income": 7222000.0,
        "Net Income Including Noncontrolling Interests": 7222000.0,
        "Net Income Continuous Operations": 7222000.0,
        "Tax Provision": 2268000.0,
        "Pretax Income": 9490000.0,
        "Net Non Operating Interest Income Expense": -4986000.0,
        "Interest Expense Non Operating": 9863000.0,
        "Interest Income Non Operating": 4877000.0,
        "Operating Income": 14476000.0,
        "Operating Expense": 24306000.0,
        "Other Operating Expenses": NaN,
        "Selling General And Administration": 24306000.0,
        "Selling And Marketing Expense": 18359000.0,
        "General And Administrative Expense": 5947000.0,
        "Other Gand A": 5947000.0,
        "Gross Profit": 38782000.0,
        "Cost Of Revenue": 84373000.0,
        "Total Revenue": 123155000.0,
        "Operating Revenue": 123155000.0
    },
    "2022-03-31": {
        "Diluted EPS": 0.27,
        "Total Revenue": 33,
        "Gross Profit": 9,
        "Operating Income": 3,
        "EBIT": 3,
        "Net Income": 4
    },
    "2021-12-31": {
        "Diluted EPS": 0.14,
        "Total Revenue": 41,
        "Gross Profit": 13,
        "Operating Income": 4,
        "EBIT": 5,
        "Net Income": 1
    },
    "2021-09-30": {
        "Diluted EPS": 0.12,
        "Total Revenue": 33,
        "Gross Profit": 9,
        "Operating Income": 3,
        "EBIT": 3,
        "Net Income": 2
    },
    "2021-06-30": {
        "Diluted EPS": 0.35,
        "Total Revenue": 35,
        "Gross Profit": 11,
        "Operating Income": 4,
        "EBIT": 5,
        "Net Income": 5
    },
    "2021-03-31": {
        "Diluted EPS": 0.44,
        "Total Revenue": 37,
        "Gross Profit": 11,
        "Operating Income": 5,
        "EBIT": 5,
        "Net Income": 6
    },
    "2020-12-31": {
        "Diluted EPS": 0.38,
        "Total Revenue": 40,
        "Gross Profit": 12,
        "Operating Income": 3,
        "EBIT": 3,
        "Net Income": 5
    },
    "2020-09-30": {
        "Diluted EPS": 0.47,
        "Total Revenue": 33,
        "Gross Profit": 10,
        "Operating Income": 4,
        "EBIT": 4,
        "Net Income": 6
    },
    "2020-06-30": {
        "Diluted EPS": 0.33,
        "Total Revenue": 30,
        "Gross Profit": 11,
        "Operating Income": 5,
        "EBIT": 5,
        "Net Income": 4
    },
    "2020-03-31": {
        "Diluted EPS": 0.03,
        "Total Revenue": 39,
        "Gross Profit": 12,
        "Operating Income": 6,
        "EBIT": 6,
        "Net Income": 0
    },
    "2019-12-31": {
        "Diluted EPS": 0.34,
        "Total Revenue": 32,
        "Gross Profit": 11,
        "Operating Income": 4,
        "EBIT": 4,
        "Net Income": 4
    },
    "2019-09-30": {
        "Diluted EPS": 0.22,
        "Total Revenue": 27,
        "Gross Profit": 8,
        "Operating Income": 4,
        "EBIT": 4,
        "Net Income": 3
    },
    "2019-06-30": {
        "Diluted EPS": 0.24,
        "Total Revenue": 28,
        "Gross Profit": 8,
        "Operating Income": 3,
        "EBIT": 3,
        "Net Income": 3
    },
    "2019-03-31": {
        "Diluted EPS": 0.33,
        "Total Revenue": 27,
        "Gross Profit": 8,
        "Operating Income": 4,
        "EBIT": 4,
        "Net Income": 4
    },
    "2018-12-31": {
        "Diluted EPS": 0.0,
        "Total Revenue": 20,
        "Gross Profit": 6,
        "Operating Income": 2,
        "EBIT": 3,
        "Net Income": 0
    },
    "2018-09-30": {
        "Diluted EPS": 0.22,
        "Total Revenue": 23,
        "Gross Profit": 7,
        "Operating Income": 3,
        "EBIT": 3,
        "Net Income": 3
    },
    "2018-06-30": {
        "Diluted EPS": 0.13,
        "Total Revenue": 21,
        "Gross Profit": 6,
        "Operating Income": 2,
        "EBIT": 2,
        "Net Income": 2
    },
    "2018-03-31": {
        "Diluted EPS": 0.15,
        "Total Revenue": 26,
        "Gross Profit": 7,
        "Operating Income": 3,
        "EBIT": 3,
        "Net Income": 2
    },
    "2017-12-31": {
        "Diluted EPS": 0.24,
        "Total Revenue": 23,
        "Gross Profit": 5,
        "Operating Income": 1,
        "EBIT": 1,
        "Net Income": 3
    },
    "2017-09-30": {
        "Diluted EPS": 0.17,
        "Total Revenue": 23,
        "Gross Profit": 6,
        "Operating Income": 2,
        "EBIT": 3,
        "Net Income": 2
    },
    "2017-06-30": {
        "Diluted EPS": 0.03,
        "Total Revenue": 22,
        "Gross Profit": 4,
        "Operating Income": 0,
        "EBIT": 0,
        "Net Income": 0
    },
    "2017-03-31": {
        "Diluted EPS": 0.09,
        "Total Revenue": 23,
        "Gross Profit": 6,
        "Operating Income": 2,
        "EBIT": 2,
        "Net Income": 1
    },
    "2016-12-31": {
        "Diluted EPS": -0.13,
        "Total Revenue": 15,
        "Gross Profit": 4,
        "Operating Income": 0,
        "EBIT": 1,
        "Net Income": -2
    },
    "2016-09-30": {
        "Diluted EPS": 0.09,
        "Total Revenue": 19,
        "Gross Profit": 5,
        "Operating Income": 1,
        "EBIT": 2,
        "Net Income": 1
    },
    "2016-06-30": {
        "Diluted EPS": 0.15,
        "Total Revenue": 20,
        "Gross Profit": 6,
        "Operating Income": 2,
        "EBIT": 2,
        "Net Income": 2
    },
    "2016-03-31": {
        "Diluted EPS": 0.1,
        "Total Revenue": 23,
        "Gross Profit": 6,
        "Operating Income": 2,
        "EBIT": 2,
        "Net Income": 1
    },
    "2015-12-31": {
        "Diluted EPS": -0.06,
        "Total Revenue": 19,
        "Gross Profit": 6,
        "Operating Income": -1,
        "EBIT": -1,
        "Net Income": -1
    },
    "2015-09-30": {
        "Diluted EPS": 0.14,
        "Total Revenue": 19,
        "Gross Profit": 5,
        "Operating Income": 2,
        "EBIT": 2,
        "Net Income": 2
    },
    "2015-06-30": {
        "Diluted EPS": -0.0,
        "Total Revenue": 19,
        "Gross Profit": 4,
        "Operating Income": 1,
        "EBIT": 1,
        "Net Income": 0
    },
    "2015-03-31": {
        "Diluted EPS": 0.05,
        "Total Revenue": 23,
        "Gross Profit": 5,
        "Operating Income": 1,
        "EBIT": 1,
        "Net Income": 1
    },
    "2014-12-31": {
        "Diluted EPS": -0.28,
        "Total Revenue": 16,
        "Gross Profit": 4,
        "Operating Income": 2,
        "EBIT": 2,
        "Net Income": 0
    },
    "2014-09-30": {
        "Diluted EPS": 0.39,
        "Total Revenue": 21,
        "Gross Profit": 5,
        "Operating Income": 1,
        "EBIT": 2,
        "Net Income": 1
    },
    "2014-06-30": {
        "Diluted EPS": 0.1,
        "Total Revenue": 23,
        "Gross Profit": 6,
        "Operating Income": 2,
        "EBIT": 2,
        "Net Income": 1
    },
    "2014-03-31": {
        "Diluted EPS": 0.16,
        "Total Revenue": 24,
        "Gross Profit": 5,
        "Operating Income": 2,
        "EBIT": 2,
        "Net Income": 2
    },
    "2013-12-31": {
        "Diluted EPS": -0.3,
        "Total Revenue": 25,
        "Gross Profit": 6,
        "Operating Income": 1,
        "EBIT": 2,
        "Net Income": 2
    },
    "2013-09-30": {
        "Diluted EPS": 0.66,
        "Total Revenue": 21,
        "Gross Profit": 6,
        "Operating Income": 2,
        "EBIT": 2,
        "Net Income": 2
    },
    "2013-06-30": {
        "Diluted EPS": 0.17,
        "Total Revenue": 25,
        "Gross Profit": 6,
        "Operating Income": 2,
        "EBIT": 3,
        "Net Income": 2
    },
    "2013-03-31": {
        "Diluted EPS": 0.18,
        "Total Revenue": 26,
        "Gross Profit": 6,
        "Operating Income": 3,
        "EBIT": 3,
        "Net Income": 2
    },
    "2012-12-31": {
        "Diluted EPS": -0.41,
        "Total Revenue": 18,
        "Gross Profit": 5,
        "Operating Income": 2,
        "EBIT": 2,
        "Net Income": 2
    },
    "2012-09-30": {
        "Diluted EPS": 0.49,
        "Total Revenue": 20,
        "Gross Profit": 5,
        "Operating Income": 2,
        "EBIT": 2,
        "Net Income": 2
    },
    "2012-06-30": {
        "Diluted EPS": 0.32,
        "Total Revenue": 18,
        "Gross Profit": 5,
        "Operating Income": 2,
        "EBIT": 2,
        "Net Income": 1
    },
    "2012-03-31": {
        "Diluted EPS": 0.1,
        "Total Revenue": 20,
        "Gross Profit": 4,
        "Operating Income": 1,
        "EBIT": 2,
        "Net Income": 1
    },
    "2011-12-31": {
        "Diluted EPS": -0.46,
        "Total Revenue": 15,
        "Gross Profit": 2,
        "Operating Income": -1,
        "EBIT": -1,
        "Net Income": 1
    },
    "2011-09-30": {
        "Diluted EPS": 0.17,
        "Total Revenue": 17,
        "Gross Profit": 4,
        "Operating Income": 1,
        "EBIT": 1,
        "Net Income": 1
    },
    "2011-06-30": {
        "Diluted EPS": 0.51,
        "Total Revenue": 18,
        "Gross Profit": 5,
        "Operating Income": 3,
        "EBIT": 3,
        "Net Income": 2
    },
    "2011-03-31": {
        "Diluted EPS": 0.13,
        "Total Revenue": 20,
        "Gross Profit": 5,
        "Operating Income": 2,
        "EBIT": 2,
        "Net Income": 2
    },
    "2010-12-31": {
        "Diluted EPS": -0.56,
        "Total Revenue": 25,
        "Gross Profit": 7,
        "Operating Income": 2,
        "EBIT": 3,
        "Net Income": 2
    },
    "2010-09-30": {
        "Diluted EPS": 0.53,
        "Total Revenue": 21,
        "Gross Profit": 7,
        "Operating Income": 2,
        "EBIT": 3,
        "Net Income": 2
    },
    "2010-06-30": {
        "Diluted EPS": 0.45,
        "Total Revenue": 24,
        "Gross Profit": 7,
        "Operating Income": 2,
        "EBIT": 2,
        "Net Income": 2
    },
    "2010-03-31": {
        "Diluted EPS": 0.2,
        "Total Revenue": 27,
        "Gross Profit": 8,
        "Operating Income": 3,
        "EBIT": 3,
        "Net Income": 2
    },
    "2009-12-31": {
        "Diluted EPS": 0.2,
        "Total Revenue": 21,
        "Gross Profit": 7,
        "Operating Income": 2,
        "EBIT": 2,
        "Net Income": 2
    },
    "2009-09-30": {
        "Diluted EPS": 1.08,
        "Total Revenue": 19,
        "Gross Profit": 6,
        "Operating Income": 4,
        "EBIT": 4,
        "Net Income": 3
    },
    "2009-06-30": {
        "Diluted EPS": 0.52,
        "Total Revenue": 19,
        "Gross Profit": 4,
        "Operating Income": 1,
        "EBIT": 2,
        "Net Income": 1
    },
    "2009-03-31": {
        "Diluted EPS": 0.16,
        "Total Revenue": 22,
        "Gross Profit": 5,
        "Operating Income": 2,
        "EBIT": 2,
        "Net Income": 2
    },
    "2023-06-30": {
        "Tax Effect Of Unusual Items": 0.0,
        "Tax Rate For Calcs": 0.226775,
        "Normalized EBITDA": 8367000.0,
        "Net Income From Continuing Operation Net Minority Interest": 4869000.0,
        "Reconciled Depreciation": 1711000.0,
        "Reconciled Cost Of Revenue": 103186000.0,
        "EBITDA": 8367000.0,
        "EBIT": 6656000.0,
        "Net Interest Income": 5324000.0,
        "Interest Expense": 359000.0,
        "Interest Income": 5683000.0,
        "Normalized Income": 4869000.0,
        "Net Income From Continuing And Discontinued Operation": 4869000.0,
        "Total Expenses": 128271000.0,
        "Total Operating Income As Reported": 973000.0,
        "Diluted Average Shares": 13867017.0,
        "Basic Average Shares": 13867017.0,
        "Diluted EPS": 0.4,
        "Basic EPS": 0.4,
        "Diluted NI Availto Com Stockholders": 4869000.0,
        "Net Income Common Stockholders": 4869000.0,
        "Net Income": 4869000.0,
        "Net Income Including Noncontrolling Interests": 4869000.0,
        "Net Income Continuous Operations": 4869000.0,
        "Tax Provision": 1428000.0,
        "Pretax Income": 6297000.0,
        "Net Non Operating Interest Income Expense": 5324000.0,
        "Interest Expense Non Operating": 359000.0,
        "Interest Income Non Operating": 5683000.0,
        "Operating Income": 973000.0,
        "Operating Expense": 25085000.0,
        "Other Operating Expenses": NaN,
        "Selling General And Administration": 25085000.0,
        "Selling And Marketing Expense": 18781000.0,
        "General And Administrative Expense": 6304000.0,
        "Other Gand A": 6304000.0,
        "Gross Profit": 26058000.0,
        "Cost Of Revenue": 103186000.0,
        "Total Revenue": 129244000.0,
        "Operating Revenue": 129244000.0
    },
    "2023-09-30": {
        "Tax Effect Of Unusual Items": 0.0,
        "Tax Rate For Calcs": 0.214446,
        "Normalized EBITDA": 8097000.0,
        "Net Income From Continuing Operation Net Minority Interest": 4905000.0,
        "Reconciled Depreciation": 1672000.0,
        "Reconciled Cost Of Revenue": 100387000.0,
        "EBITDA": 8097000.0,
        "EBIT": 6425000.0,
        "Net Interest Income": 5742000.0,
        "Interest Expense": 181000.0,
        "Interest Income": 5923000.0,
        "Normalized Income": 4905000.0,
        "Net Income From Continuing And Discontinued Operation": 4905000.0,
        "Total Expenses": 123419000.0,
        "Total Operating Income As Reported": 502000.0,
        "Diluted Average Shares": 13867017.0,
        "Basic Average Shares": 13867017.0,
        "Diluted EPS": 0.35,
        "Basic EPS": 0.35,
        "Diluted NI Availto Com Stockholders": 4905000.0,
        "Net Income Common Stockholders": 4905000.0,
        "Net Income": 4905000.0,
        "Net Income Including Noncontrolling Interests": 4905000.0,
        "Net Income Continuous Operations": 4905000.0,
        "Tax Provision": 1339000.0,
        "Pretax Income": 6244000.0,
        "Net Non Operating Interest Income Expense": 5742000.0,
        "Interest Expense Non Operating": 181000.0,
        "Interest Income Non Operating": 5923000.0,
        "Operating Income": 502000.0,
        "Operating Expense": 23032000.0,
        "Other Operating Expenses": -140000.0,
        "Selling General And Administration": 23172000.0,
        "Selling And Marketing Expense": 17282000.0,
        "General And Administrative Expense": 5890000.0,
        "Other Gand A": 5890000.0,
        "Gross Profit": 23534000.0,
        "Cost Of Revenue": 100387000.0,
        "Total Revenue": 123921000.0,
        "Operating Revenue": 123921000.0
    },
    "2023-12-31": {
        "Tax Effect Of Unusual Items": 0.0,
        "Tax Rate For Calcs": 0.15761,
        "Normalized EBITDA": -4348000.0,
        "Net Income From Continuing Operation Net Minority Interest": 11037000.0,
        "Reconciled Depreciation": 1942000.0,
        "Reconciled Cost Of Revenue": 107800000.0,
        "EBITDA": -4348000.0,
        "EBIT": -6290000.0,
        "Net Interest Income": -4224000.0,
        "Interest Expense": NaN,
        "Interest Income": -3253000.0,
        "Normalized Income": 11037000.0,
        "Net Income From Continuing And Discontinued Operation": 11037000.0,
        "Total Expenses": 132889000.0,
        "Total Operating Income As Reported": 5852000.0,
        "Diluted Average Shares": NaN,
        "Basic Average Shares": NaN,
        "Diluted EPS": NaN,
        "Basic EPS": NaN,
        "Diluted NI Availto Com Stockholders": 11037000.0,
        "Net Income Common Stockholders": 11037000.0,
        "Net Income": 11037000.0,
        "Net Income Including Noncontrolling Interests": 11037000.0,
        "Net Income Continuous Operations": 11037000.0,
        "Tax Provision": 2065000.0,
        "Pretax Income": 13102000.0,
        "Net Non Operating Interest Income Expense": -4224000.0,
        "Interest Expense Non Operating": NaN,
        "Interest Income Non Operating": -3253000.0,
        "Operating Income": 5852000.0,
        "Operating Expense": 25089000.0,
        "Other Operating Expenses": 1677000.0,
        "Selling General And Administration": 19024000.0,
        "Selling And Marketing Expense": -12240000.0,
        "General And Administrative Expense": 31264000.0,
        "Other Gand A": -13489000.0,
        "Gross Profit": 30941000.0,
        "Cost Of Revenue": 107800000.0,
        "Total Revenue": 138741000.0,
        "Operating Revenue": 138741000.0
    },
    "2024-03-31": {
        "Tax Effect Of Unusual Items": 0.0,
        "Tax Rate For Calcs": 0.197083,
        "Normalized EBITDA": 25778000.0,
        "Net Income From Continuing Operation Net Minority Interest": 18553000.0,
        "Reconciled Depreciation": 1849000.0,
        "Reconciled Cost Of Revenue": 101385000.0,
        "EBITDA": 25778000.0,
        "EBIT": 23929000.0,
        "Net Interest Income": 11481000.0,
        "Interest Expense": 822000.0,
        "Interest Income": 12303000.0,
        "Normalized Income": 18553000.0,
        "Net Income From Continuing And Discontinued Operation": 18553000.0,
        "Total Expenses": 124410000.0,
        "Total Operating Income As Reported": 11626000.0,
        "Diluted Average Shares": 13867017.0,
        "Basic Average Shares": 13867017.0,
        "Diluted EPS": 1.337923,
        "Basic EPS": 1.34,
        "Diluted NI Availto Com Stockholders": 18553000.0,
        "Net Income Common Stockholders": 18553000.0,
        "Net Income": 18553000.0,
        "Net Income Including Noncontrolling Interests": 18553000.0,
        "Net Income Continuous Operations": 18553000.0,
        "Tax Provision": 4554000.0,
        "Pretax Income": 23107000.0,
        "Net Non Operating Interest Income Expense": 11481000.0,
        "Interest Expense Non Operating": 822000.0,
        "Interest Income Non Operating": 12303000.0,
        "Operating Income": 11626000.0,
        "Operating Expense": 23025000.0,
        "Other Operating Expenses": NaN,
        "Selling General And Administration": 23025000.0,
        "Selling And Marketing Expense": 16475000.0,
        "General And Administrative Expense": 6550000.0,
        "Other Gand A": 6550000.0,
        "Gross Profit": 34651000.0,
        "Cost Of Revenue": 101385000.0,
        "Total Revenue": 136036000.0,
        "Operating Revenue": 136036000.0
    }
}