{
    "2023-06-30": {
        "Tax Effect Of Unusual Items": 0.0,
        "Tax Rate For Calcs": 0.188,
        "Normalized EBITDA": 13804400.0,
        "Net Income From Continuing Operation Net Minority Interest": 10368800.0,
        "Reconciled Depreciation": 261300.0,
        "Reconciled Cost Of Revenue": 1302100.0,
        "EBITDA": 13804400.0,
        "EBIT": 13543100.0,
        "Net Interest Income": -486800.0,
        "Interest Expense": 779100.0,
        "Interest Income": 292300.0,
        "Normalized Income": 10368800.0,
        "Net Income From Continuing And Discontinued Operation": 10368800.0,
        "Total Expenses": 7111400.0,
        "Total Operating Income As Reported": 13250800.0,
        "Diluted Average Shares": 3634688.0,
        "Basic Average Shares": 3478628.0,
        "Diluted EPS": 2.85,
        "Basic EPS": 2.98,
        "Diluted NI Availto Com Stockholders": 10368800.0,
        "Net Income Common Stockholders": 10368800.0,
        "Net Income": 10368800.0,
        "Net Income Including Noncontrolling Interests": 10368800.0,
        "Net Income Continuous Operations": 10368800.0,
        "Tax Provision": 2395200.0,
        "Pretax Income": 12764000.0,
        "Net Non Operating Interest Income Expense": -486800.0,
        "Interest Expense Non Operating": 779100.0,
        "Interest Income Non Operating": 292300.0,
        "Operating Income": 13250800.0,
        "Operating Expense": 5809300.0,
        "Provision For Doubtful Accounts": -700.0,
        "Selling General And Administration": 5810000.0,
        "Gross Profit": 19060100.0,
        "Cost Of Revenue": 1302100.0,
        "Total Revenue": 20362200.0,
        "Operating Revenue": 19874400.0
    },
    "2023-03-31": {
        "Tax Effect Of Unusual Items": 0.0,
        "Tax Rate For Calcs": 0.237,
        "Normalized EBITDA": 12773500.0,
        "Net Income From Continuing Operation Net Minority Interest": 8942700.0,
        "Reconciled Depreciation": 259400.0,
        "Reconciled Cost Of Revenue": 1503700.0,
        "EBITDA": 12773500.0,
        "EBIT": 12514100.0,
        "Net Interest Income": -671900.0,
        "Interest Expense": 797600.0,
        "Interest Income": 125700.0,
        "Normalized Income": 8942700.0,
        "Net Income From Continuing And Discontinued Operation": 8942700.0,
        "Total Expenses": 8135200.0,
        "Total Operating Income As Reported": 12388400.0,
        "Diluted Average Shares": 3594234.0,
        "Basic Average Shares": 3460720.0,
        "Diluted EPS": 2.49,
        "Basic EPS": 2.58,
        "Diluted NI Availto Com Stockholders": 8942700.0,
        "Net Income Common Stockholders": 8942700.0,
        "Net Income": 8942700.0,
        "Net Income Including Noncontrolling Interests": 8942700.0,
        "Net Income Continuous Operations": 8942700.0,
        "Tax Provision": 2773800.0,
        "Pretax Income": 11716500.0,
        "Net Non Operating Interest Income Expense": -671900.0,
        "Interest Expense Non Operating": 797600.0,
        "Interest Income Non Operating": 125700.0,
        "Operating Income": 12388400.0,
        "Operating Expense": 6631500.0,
        "Provision For Doubtful Accounts": -4600.0,
        "Selling General And Administration": 6636100.0,
        "Gross Profit": 19019900.0,
        "Cost Of Revenue": 1503700.0,
        "Total Revenue": 20523600.0,
        "Operating Revenue": 20038900.0
    },
    "2022-12-31": {
        "Tax Effect Of Unusual Items": 0.0,
        "Tax Rate For Calcs": 0.192827,
        "Normalized EBITDA": 13750900.0,
        "Net Income From Continuing Operation Net Minority Interest": 10176600.0,
        "Reconciled Depreciation": 273900.0,
        "Reconciled Cost Of Revenue": 1253300.0,
        "EBITDA": 13750900.0,
        "EBIT": 13477000.0,
        "Net Interest Income": -790700.0,
        "Interest Expense": 869300.0,
        "Interest Income": 78600.0,
        "Normalized Income": 10176600.0,
        "Net Income From Continuing And Discontinued Operation": 10176600.0,
        "Total Expenses": 7727300.0,
        "Total Operating Income As Reported": 13398400.0,
        "Diluted Average Shares": 3556190.0,
        "Basic Average Shares": 3452399.0,
        "Diluted EPS": 2.86,
        "Basic EPS": 2.95,
        "Diluted NI Availto Com Stockholders": 10176600.0,
        "Net Income Common Stockholders": 10176600.0,
        "Net Income": 10176600.0,
        "Net Income Including Noncontrolling Interests": 10176600.0,
        "Net Income Continuous Operations": 10176600.0,
        "Tax Provision": 2431100.0,
        "Pretax Income": 12607700.0,
        "Net Non Operating Interest Income Expense": -790700.0,
        "Interest Expense Non Operating": 869300.0,
        "Interest Income Non Operating": 78600.0,
        "Operating Income": 13398400.0,
        "Operating Expense": 6474000.0,
        "Provision For Doubtful Accounts": -11300.0,
        "Selling General And Administration": 6485300.0,
        "Gross Profit": 19872400.0,
        "Cost Of Revenue": 1253300.0,
        "Total Revenue": 21125700.0,
        "Operating Revenue": 20658900.0
    },
    "2022-09-30": {
        "Tax Effect Of Unusual Items": 0.0,
        "Tax Rate For Calcs": 0.239,
        "Normalized EBITDA": 14696400.0,
        "Net Income From Continuing Operation Net Minority Interest": 10368600.0,
        "Reconciled Depreciation": 253600.0,
        "Reconciled Cost Of Revenue": 1093900.0,
        "EBITDA": 14696400.0,
        "EBIT": 14442800.0,
        "Net Interest Income": -798800.0,
        "Interest Expense": 820500.0,
        "Interest Income": 21700.0,
        "Normalized Income": 10368600.0,
        "Net Income From Continuing And Discontinued Operation": 10368600.0,
        "Total Expenses": 6743400.0,
        "Total Operating Income As Reported": 14421100.0,
        "Diluted Average Shares": 3540779.0,
        "Basic Average Shares": 3439417.0,
        "Diluted EPS": 2.93,
        "Basic EPS": 3.01,
        "Diluted NI Availto Com Stockholders": 10368600.0,
        "Net Income Common Stockholders": 10368600.0,
        "Net Income": 10368600.0,
        "Net Income Including Noncontrolling Interests": 10368600.0,
        "Net Income Continuous Operations": 10368600.0,
        "Tax Provision": 3253700.0,
        "Pretax Income": 13622300.0,
        "Net Non Operating Interest Income Expense": -798800.0,
        "Interest Expense Non Operating": 820500.0,
        "Interest Income Non Operating": 21700.0,
        "Operating Income": 14421100.0,
        "Operating Expense": 5649500.0,
        "Provision For Doubtful Accounts": -22000.0,
        "Selling General And Administration": 5671500.0,
        "Gross Profit": 20070600.0,
        "Cost Of Revenue": 1093900.0,
        "Total Revenue": 21164500.0,
        "Operating Revenue": 20715200.0
    },
    "2022-06-30": {
        "Tax Effect Of Unusual Items": 0.0,
        "Tax Rate For Calcs": 0.223754,
        "Normalized EBITDA": 12533900.0,
        "Net Income From Continuing Operation Net Minority Interest": 9027200.0,
        "Reconciled Depreciation": 178800.0,
        "Reconciled Cost Of Revenue": 1269800.0,
        "EBITDA": 12533900.0,
        "EBIT": 12355100.0,
        "Net Interest Income": -725800.0,
        "Interest Expense": 725800.0,
        "Interest Income": NaN,
        "Normalized Income": 9027200.0,
        "Net Income From Continuing And Discontinued Operation": 9027200.0,
        "Total Expenses": 6715700.0,
        "Total Operating Income As Reported": 12355100.0,
        "Diluted Average Shares": 3559231.0,
        "Basic Average Shares": 3463886.0,
        "Diluted EPS": 2.54,
        "Basic EPS": 2.61,
        "Diluted NI Availto Com Stockholders": 9027200.0,
        "Net Income Common Stockholders": 9027200.0,
        "Net Income": 9027200.0,
        "Net Income Including Noncontrolling Interests": 9027200.0,
        "Net Income Continuous Operations": 9027200.0,
        "Tax Provision": 2602100.0,
        "Pretax Income": 11629300.0,
        "Net Non Operating Interest Income Expense": -725800.0,
        "Interest Expense Non Operating": 725800.0,
        "Interest Income Non Operating": NaN,
        "Operating Income": 12355100.0,
        "Operating Expense": 5445900.0,
        "Provision For Doubtful Accounts": -15700.0,
        "Selling General And Administration": 5461600.0,
        "Gross Profit": 17801000.0,
        "Cost Of Revenue": 1269800.0,
        "Total Revenue": 19070800.0,
        "Operating Revenue": 18612000.0
    },
    "2022-03-31": {
        "Diluted EPS": 2.65,
        "Total Revenue": 20,
        "Gross Profit": 19,
        "Operating Income": 13,
        "EBIT": 14,
        "Net Income": 10
    },
    "2021-12-31": {
        "Diluted EPS": 3.08,
        "Total Revenue": 20,
        "Gross Profit": 19,
        "Operating Income": 13,
        "EBIT": 13,
        "Net Income": 12
    },
    "2021-09-30": {
        "Diluted EPS": 2.67,
        "Total Revenue": 20,
        "Gross Profit": 19,
        "Operating Income": 14,
        "EBIT": 14,
        "Net Income": 10
    },
    "2021-06-30": {
        "Diluted EPS": 2.33,
        "Total Revenue": 19,
        "Gross Profit": 18,
        "Operating Income": 12,
        "EBIT": 12,
        "Net Income": 9
    },
    "2021-03-31": {
        "Diluted EPS": 2.4,
        "Total Revenue": 19,
        "Gross Profit": 18,
        "Operating Income": 13,
        "EBIT": 13,
        "Net Income": 9
    },
    "2020-12-31": {
        "Diluted EPS": 2.09,
        "Total Revenue": 17,
        "Gross Profit": 16,
        "Operating Income": 11,
        "EBIT": 11,
        "Net Income": 8
    },
    "2020-09-30": {
        "Diluted EPS": 2.43,
        "Total Revenue": 18,
        "Gross Profit": 18,
        "Operating Income": 12,
        "EBIT": 13,
        "Net Income": 9
    },
    "2020-06-30": {
        "Diluted EPS": 1.33,
        "Total Revenue": 12,
        "Gross Profit": 12,
        "Operating Income": 7,
        "EBIT": 7,
        "Net Income": 5
    },
    "2020-03-31": {
        "Diluted EPS": 1.87,
        "Total Revenue": 19,
        "Gross Profit": 18,
        "Operating Income": 10,
        "EBIT": 10,
        "Net Income": 7
    },
    "2019-12-31": {
        "Diluted EPS": 2.08,
        "Total Revenue": 18,
        "Gross Profit": 17,
        "Operating Income": 11,
        "EBIT": 11,
        "Net Income": 8
    },
    "2019-09-30": {
        "Diluted EPS": 2.24,
        "Total Revenue": 20,
        "Gross Profit": 19,
        "Operating Income": 12,
        "EBIT": 13,
        "Net Income": 9
    },
    "2019-06-30": {
        "Diluted EPS": 1.79,
        "Total Revenue": 17,
        "Gross Profit": 17,
        "Operating Income": 10,
        "EBIT": 10,
        "Net Income": 7
    },
    "2019-03-31": {
        "Diluted EPS": 1.73,
        "Total Revenue": 18,
        "Gross Profit": 18,
        "Operating Income": 10,
        "EBIT": 10,
        "Net Income": 7
    },
    "2018-12-31": {
        "Diluted EPS": 1.83,
        "Total Revenue": 17,
        "Gross Profit": 17,
        "Operating Income": 10,
        "EBIT": 10,
        "Net Income": 8
    },
    "2018-09-30": {
        "Diluted EPS": 2.01,
        "Total Revenue": 19,
        "Gross Profit": 18,
        "Operating Income": 11,
        "EBIT": 12,
        "Net Income": 8
    },
    "2018-06-30": {
        "Diluted EPS": 1.73,
        "Total Revenue": 18,
        "Gross Profit": 17,
        "Operating Income": 10,
        "EBIT": 10,
        "Net Income": 7
    },
    "2018-03-31": {
        "Diluted EPS": 1.69,
        "Total Revenue": 18,
        "Gross Profit": 17,
        "Operating Income": 10,
        "EBIT": 10,
        "Net Income": 7
    },
    "2017-12-31": {
        "Diluted EPS": 1.82,
        "Total Revenue": 18,
        "Gross Profit": 17,
        "Operating Income": 11,
        "EBIT": 11,
        "Net Income": 8
    },
    "2017-09-30": {
        "Diluted EPS": 1.36,
        "Total Revenue": 18,
        "Gross Profit": 17,
        "Operating Income": 10,
        "EBIT": 10,
        "Net Income": 6
    },
    "2017-06-30": {
        "Diluted EPS": 1.23,
        "Total Revenue": 16,
        "Gross Profit": 16,
        "Operating Income": 9,
        "EBIT": 9,
        "Net Income": 6
    },
    "2017-03-31": {
        "Diluted EPS": 1.25,
        "Total Revenue": 18,
        "Gross Profit": 17,
        "Operating Income": 9,
        "EBIT": 10,
        "Net Income": 6
    },
    "2016-12-31": {
        "Diluted EPS": 1.39,
        "Total Revenue": 17,
        "Gross Profit": 17,
        "Operating Income": 10,
        "EBIT": 11,
        "Net Income": 6
    },
    "2016-09-30": {
        "Diluted EPS": 1.41,
        "Total Revenue": 17,
        "Gross Profit": 16,
        "Operating Income": 10,
        "EBIT": 11,
        "Net Income": 6
    },
    "2016-06-30": {
        "Diluted EPS": 1.25,
        "Total Revenue": 16,
        "Gross Profit": 16,
        "Operating Income": 9,
        "EBIT": 10,
        "Net Income": 5
    },
    "2016-03-31": {
        "Diluted EPS": 1.06,
        "Total Revenue": 16,
        "Gross Profit": 15,
        "Operating Income": 8,
        "EBIT": 8,
        "Net Income": 5
    },
    "2015-12-31": {
        "Diluted EPS": 1.29,
        "Total Revenue": 17,
        "Gross Profit": 16,
        "Operating Income": 10,
        "EBIT": 10,
        "Net Income": 6
    },
    "2015-09-30": {
        "Diluted EPS": 1.23,
        "Total Revenue": 16,
        "Gross Profit": 15,
        "Operating Income": 9,
        "EBIT": 10,
        "Net Income": 5
    },
    "2015-06-30": {
        "Diluted EPS": 1.0,
        "Total Revenue": 15,
        "Gross Profit": 15,
        "Operating Income": 8,
        "EBIT": 8,
        "Net Income": 5
    },
    "2015-03-31": {
        "Diluted EPS": 1.17,
        "Total Revenue": 21,
        "Gross Profit": 20,
        "Operating Income": 10,
        "EBIT": 10,
        "Net Income": 6
    },
    "2014-12-31": {
        "Diluted EPS": 1.08,
        "Total Revenue": 16,
        "Gross Profit": 16,
        "Operating Income": 9,
        "EBIT": 10,
        "Net Income": 6
    },
    "2014-09-30": {
        "Diluted EPS": 1.09,
        "Total Revenue": 16,
        "Gross Profit": 16,
        "Operating Income": 9,
        "EBIT": 9,
        "Net Income": 6
    },
    "2014-06-30": {
        "Diluted EPS": 0.82,
        "Total Revenue": 14,
        "Gross Profit": 13,
        "Operating Income": 7,
        "EBIT": 7,
        "Net Income": 4
    },
    "2014-03-31": {
        "Diluted EPS": 0.86,
        "Total Revenue": 15,
        "Gross Profit": 14,
        "Operating Income": 7,
        "EBIT": 8,
        "Net Income": 5
    },
    "2013-12-31": {
        "Diluted EPS": 0.87,
        "Total Revenue": 14,
        "Gross Profit": 13,
        "Operating Income": 8,
        "EBIT": 8,
        "Net Income": 5
    },
    "2013-09-30": {
        "Diluted EPS": 1.0,
        "Total Revenue": 15,
        "Gross Profit": 14,
        "Operating Income": 9,
        "EBIT": 9,
        "Net Income": 5
    },
    "2013-06-30": {
        "Diluted EPS": 0.83,
        "Total Revenue": 14,
        "Gross Profit": 14,
        "Operating Income": 7,
        "EBIT": 7,
        "Net Income": 4
    },
    "2013-03-31": {
        "Diluted EPS": 0.78,
        "Total Revenue": 13,
        "Gross Profit": 13,
        "Operating Income": 7,
        "EBIT": 7,
        "Net Income": 4
    },
    "2012-12-31": {
        "Diluted EPS": 0.33,
        "Total Revenue": 13,
        "Gross Profit": 12,
        "Operating Income": 7,
        "EBIT": 7,
        "Net Income": 2
    },
    "2012-09-30": {
        "Diluted EPS": 0.82,
        "Total Revenue": 15,
        "Gross Profit": 14,
        "Operating Income": 8,
        "EBIT": 9,
        "Net Income": 4
    },
    "2012-06-30": {
        "Diluted EPS": 0.65,
        "Total Revenue": 12,
        "Gross Profit": 12,
        "Operating Income": 6,
        "EBIT": 6,
        "Net Income": 3
    },
    "2012-03-31": {
        "Diluted EPS": 0.67,
        "Total Revenue": 12,
        "Gross Profit": 11,
        "Operating Income": 6,
        "EBIT": 6,
        "Net Income": 4
    },
    "2011-12-31": {
        "Diluted EPS": 0.8,
        "Total Revenue": 13,
        "Gross Profit": 13,
        "Operating Income": 7,
        "EBIT": 7,
        "Net Income": 4
    },
    "2011-09-30": {
        "Diluted EPS": 0.66,
        "Total Revenue": 12,
        "Gross Profit": 11,
        "Operating Income": 7,
        "EBIT": 7,
        "Net Income": 3
    },
    "2011-06-30": {
        "Diluted EPS": 0.65,
        "Total Revenue": 15,
        "Gross Profit": 14,
        "Operating Income": 6,
        "EBIT": 6,
        "Net Income": 3
    },
    "2011-03-31": {
        "Diluted EPS": 0.58,
        "Total Revenue": 11,
        "Gross Profit": 11,
        "Operating Income": 5,
        "EBIT": 5,
        "Net Income": 3
    },
    "2010-12-31": {
        "Diluted EPS": 0.6,
        "Total Revenue": 10,
        "Gross Profit": 10,
        "Operating Income": 5,
        "EBIT": 6,
        "Net Income": 3
    },
    "2010-09-30": {
        "Diluted EPS": 0.51,
        "Total Revenue": 11,
        "Gross Profit": 10,
        "Operating Income": 5,
        "EBIT": 5,
        "Net Income": 3
    },
    "2010-06-30": {
        "Diluted EPS": 0.45,
        "Total Revenue": 10,
        "Gross Profit": 9,
        "Operating Income": 4,
        "EBIT": 5,
        "Net Income": 2
    },
    "2010-03-31": {
        "Diluted EPS": 0.42,
        "Total Revenue": 10,
        "Gross Profit": 9,
        "Operating Income": 4,
        "EBIT": 4,
        "Net Income": 2
    },
    "2009-12-31": {
        "Diluted EPS": 0.29,
        "Total Revenue": 9,
        "Gross Profit": 9,
        "Operating Income": 3,
        "EBIT": 3,
        "Net Income": 1
    },
    "2009-09-30": {
        "Diluted EPS": 0.33,
        "Total Revenue": 10,
        "Gross Profit": 9,
        "Operating Income": 3,
        "EBIT": 4,
        "Net Income": 2
    },
    "2009-06-30": {
        "Diluted EPS": 0.22,
        "Total Revenue": 9,
        "Gross Profit": 8,
        "Operating Income": 2,
        "EBIT": 3,
        "Net Income": 1
    },
    "2009-03-31": {
        "Diluted EPS": 0.26,
        "Total Revenue": 9,
        "Gross Profit": 9,
        "Operating Income": 3,
        "EBIT": 3,
        "Net Income": 1
    },
    "2023-09-30": {
        "Tax Effect Of Unusual Items": 0.0,
        "Tax Rate For Calcs": 0.244,
        "Normalized EBITDA": 15772100.0,
        "Net Income From Continuing Operation Net Minority Interest": 11149800.0,
        "Reconciled Depreciation": 264200.0,
        "Reconciled Cost Of Revenue": 946400.0,
        "EBITDA": 15772100.0,
        "EBIT": 15507900.0,
        "Net Interest Income": -377700.0,
        "Interest Expense": 763100.0,
        "Interest Income": 385400.0,
        "Normalized Income": 11149800.0,
        "Net Income From Continuing And Discontinued Operation": 11149800.0,
        "Total Expenses": 7195300.0,
        "Total Operating Income As Reported": 15122500.0,
        "Diluted Average Shares": 3653730.0,
        "Basic Average Shares": 3485852.0,
        "Diluted EPS": 3.05,
        "Basic EPS": 3.2,
        "Diluted NI Availto Com Stockholders": 11149800.0,
        "Net Income Common Stockholders": 11149800.0,
        "Net Income": 11149800.0,
        "Net Income Including Noncontrolling Interests": 11149800.0,
        "Net Income Continuous Operations": 11149800.0,
        "Tax Provision": 3595000.0,
        "Pretax Income": 14744800.0,
        "Net Non Operating Interest Income Expense": -377700.0,
        "Interest Expense Non Operating": 763100.0,
        "Interest Income Non Operating": 385400.0,
        "Operating Income": 15122500.0,
        "Operating Expense": 6248900.0,
        "Provision For Doubtful Accounts": 700.0,
        "Selling General And Administration": 6248200.0,
        "Gross Profit": 21371400.0,
        "Cost Of Revenue": 946400.0,
        "Total Revenue": 22317800.0,
        "Operating Revenue": 21834100.0
    }
}