{
    "2023-03-31": {
        "Tax Effect Of Unusual Items": -19327.0,
        "Tax Rate For Calcs": 0.251,
        "Normalized EBITDA": 28550000.0,
        "Total Unusual Items": -77000.0,
        "Total Unusual Items Excluding Goodwill": -77000.0,
        "Net Income From Continuing Operation Net Minority Interest": 15669000.0,
        "Reconciled Depreciation": 2989000.0,
        "Reconciled Cost Of Revenue": 56338000.0,
        "EBITDA": 28473000.0,
        "EBIT": 25484000.0,
        "Net Interest Income": -4573000.0,
        "Interest Expense": 4573000.0,
        "Normalized Income": 15726673.0,
        "Net Income From Continuing And Discontinued Operation": 15669000.0,
        "Total Expenses": 82972000.0,
        "Total Operating Income As Reported": 25672000.0,
        "Diluted Average Shares": 30031000.0,
        "Basic Average Shares": 29947000.0,
        "Diluted EPS": 0.52,
        "Basic EPS": 0.52,
        "Diluted NI Availto Com Stockholders": 15669000.0,
        "Net Income Common Stockholders": 15669000.0,
        "Net Income": 15669000.0,
        "Net Income Including Noncontrolling Interests": 15669000.0,
        "Net Income Continuous Operations": 15669000.0,
        "Tax Provision": 5242000.0,
        "Pretax Income": 20911000.0,
        "Other Income Expense": -265000.0,
        "Other Non Operating Income Expenses": -188000.0,
        "Special Income Charges": -77000.0,
        "Gain On Sale Of Ppe": -77000.0,
        "Other Special Charges": NaN,
        "Net Non Operating Interest Income Expense": -4573000.0,
        "Interest Expense Non Operating": 4573000.0,
        "Operating Income": 25749000.0,
        "Operating Expense": 26634000.0,
        "Depreciation Amortization Depletion Income Statement": 2989000.0,
        "Depreciation And Amortization In Income Statement": 2989000.0,
        "Selling General And Administration": 23645000.0,
        "Gross Profit": 52383000.0,
        "Cost Of Revenue": 56338000.0,
        "Total Revenue": 108721000.0,
        "Operating Revenue": 108721000.0
    },
    "2022-12-31": {
        "Tax Effect Of Unusual Items": -39031.794257,
        "Tax Rate For Calcs": 0.247037,
        "Normalized EBITDA": 32126000.0,
        "Total Unusual Items": -158000.0,
        "Total Unusual Items Excluding Goodwill": -158000.0,
        "Net Income From Continuing Operation Net Minority Interest": 17596000.0,
        "Reconciled Depreciation": 3289000.0,
        "Reconciled Cost Of Revenue": 55144000.0,
        "EBITDA": 31968000.0,
        "EBIT": 28679000.0,
        "Net Interest Income": -5310000.0,
        "Interest Expense": 5310000.0,
        "Normalized Income": 17714968.205743,
        "Net Income From Continuing And Discontinued Operation": 17596000.0,
        "Total Expenses": 76773000.0,
        "Total Operating Income As Reported": 28871000.0,
        "Diluted Average Shares": 30003000.0,
        "Basic Average Shares": 29924000.0,
        "Diluted EPS": 0.59,
        "Basic EPS": 0.59,
        "Diluted NI Availto Com Stockholders": 17596000.0,
        "Net Income Common Stockholders": 17596000.0,
        "Net Income": 17596000.0,
        "Net Income Including Noncontrolling Interests": 17596000.0,
        "Net Income Continuous Operations": 17596000.0,
        "Tax Provision": 5773000.0,
        "Pretax Income": 23369000.0,
        "Other Income Expense": -350000.0,
        "Other Non Operating Income Expenses": -192000.0,
        "Special Income Charges": -158000.0,
        "Gain On Sale Of Ppe": -158000.0,
        "Other Special Charges": 0.0,
        "Net Non Operating Interest Income Expense": -5310000.0,
        "Interest Expense Non Operating": 5310000.0,
        "Operating Income": 28094000.0,
        "Operating Expense": 21629000.0,
        "Depreciation Amortization Depletion Income Statement": 3289000.0,
        "Depreciation And Amortization In Income Statement": 3289000.0,
        "Selling General And Administration": 18340000.0,
        "Gross Profit": 49723000.0,
        "Cost Of Revenue": 55144000.0,
        "Total Revenue": 104867000.0,
        "Operating Revenue": 104867000.0
    },
    "2022-09-30": {
        "Tax Effect Of Unusual Items": -61901.0,
        "Tax Rate For Calcs": 0.259,
        "Normalized EBITDA": 26866000.0,
        "Total Unusual Items": -239000.0,
        "Total Unusual Items Excluding Goodwill": -239000.0,
        "Net Income From Continuing Operation Net Minority Interest": 13368000.0,
        "Reconciled Depreciation": 2836000.0,
        "Reconciled Cost Of Revenue": 48830000.0,
        "EBITDA": 26627000.0,
        "EBIT": 23791000.0,
        "Net Interest Income": -5742000.0,
        "Interest Expense": 5742000.0,
        "Normalized Income": 13545099.0,
        "Net Income From Continuing And Discontinued Operation": 13368000.0,
        "Total Expenses": 68352000.0,
        "Total Operating Income As Reported": 24081000.0,
        "Diluted Average Shares": 29967000.0,
        "Basic Average Shares": 29915000.0,
        "Diluted EPS": 0.45,
        "Basic EPS": 0.45,
        "Diluted NI Availto Com Stockholders": 13368000.0,
        "Net Income Common Stockholders": 13368000.0,
        "Net Income": 13368000.0,
        "Net Income Including Noncontrolling Interests": 13368000.0,
        "Net Income Continuous Operations": 13368000.0,
        "Tax Provision": 4681000.0,
        "Pretax Income": 18049000.0,
        "Other Income Expense": -529000.0,
        "Other Non Operating Income Expenses": -290000.0,
        "Special Income Charges": -239000.0,
        "Gain On Sale Of Ppe": -239000.0,
        "Other Special Charges": NaN,
        "Net Non Operating Interest Income Expense": -5742000.0,
        "Interest Expense Non Operating": 5742000.0,
        "Operating Income": 24320000.0,
        "Operating Expense": 19522000.0,
        "Depreciation Amortization Depletion Income Statement": 2836000.0,
        "Depreciation And Amortization In Income Statement": 2836000.0,
        "Selling General And Administration": 16686000.0,
        "Gross Profit": 43842000.0,
        "Cost Of Revenue": 48830000.0,
        "Total Revenue": 92672000.0,
        "Operating Revenue": 92672000.0
    },
    "2022-06-30": {
        "Tax Effect Of Unusual Items": -60401.0,
        "Tax Rate For Calcs": 0.187,
        "Normalized EBITDA": 25218000.0,
        "Total Unusual Items": -323000.0,
        "Total Unusual Items Excluding Goodwill": -323000.0,
        "Net Income From Continuing Operation Net Minority Interest": 13307000.0,
        "Reconciled Depreciation": 2547000.0,
        "Reconciled Cost Of Revenue": 44584000.0,
        "EBITDA": 24895000.0,
        "EBIT": 22348000.0,
        "Net Interest Income": -5986000.0,
        "Interest Expense": 5986000.0,
        "Normalized Income": 13569599.0,
        "Net Income From Continuing And Discontinued Operation": 13307000.0,
        "Total Expenses": 61080000.0,
        "Total Operating Income As Reported": 22374000.0,
        "Diluted Average Shares": 29914000.0,
        "Basic Average Shares": 29882000.0,
        "Diluted EPS": 0.44,
        "Basic EPS": 0.45,
        "Diluted NI Availto Com Stockholders": 13307000.0,
        "Net Income Common Stockholders": 13307000.0,
        "Net Income": 13307000.0,
        "Net Income Including Noncontrolling Interests": 13307000.0,
        "Net Income Continuous Operations": 13307000.0,
        "Tax Provision": 3055000.0,
        "Pretax Income": 16362000.0,
        "Other Income Expense": -349000.0,
        "Other Non Operating Income Expenses": -26000.0,
        "Special Income Charges": -323000.0,
        "Gain On Sale Of Ppe": -323000.0,
        "Other Special Charges": NaN,
        "Net Non Operating Interest Income Expense": -5986000.0,
        "Interest Expense Non Operating": 5986000.0,
        "Operating Income": 22697000.0,
        "Operating Expense": 16496000.0,
        "Depreciation Amortization Depletion Income Statement": 2547000.0,
        "Depreciation And Amortization In Income Statement": 2547000.0,
        "Selling General And Administration": 13949000.0,
        "Gross Profit": 39193000.0,
        "Cost Of Revenue": 44584000.0,
        "Total Revenue": 83777000.0,
        "Operating Revenue": 83777000.0
    },
    "2023-06-30": {
        "Tax Effect Of Unusual Items": 0.0,
        "Tax Rate For Calcs": 0.273,
        "Normalized EBITDA": 29720000.0,
        "Total Unusual Items": 0.0,
        "Total Unusual Items Excluding Goodwill": 0.0,
        "Net Income From Continuing Operation Net Minority Interest": 16181000.0,
        "Reconciled Depreciation": 3218000.0,
        "Reconciled Cost Of Revenue": 55371000.0,
        "EBITDA": 29720000.0,
        "EBIT": 26502000.0,
        "Net Interest Income": -4244000.0,
        "Interest Expense": 4244000.0,
        "Normalized Income": 16181000.0,
        "Net Income From Continuing And Discontinued Operation": 16181000.0,
        "Total Expenses": 80717000.0,
        "Total Operating Income As Reported": 26456000.0,
        "Diluted Average Shares": 30049000.0,
        "Basic Average Shares": 29972000.0,
        "Diluted EPS": 0.54,
        "Basic EPS": 0.54,
        "Diluted NI Availto Com Stockholders": 16181000.0,
        "Net Income Common Stockholders": 16181000.0,
        "Net Income": 16181000.0,
        "Net Income Including Noncontrolling Interests": 16181000.0,
        "Net Income Continuous Operations": 16181000.0,
        "Tax Provision": 6077000.0,
        "Pretax Income": 22258000.0,
        "Other Income Expense": 46000.0,
        "Other Non Operating Income Expenses": 46000.0,
        "Special Income Charges": 0.0,
        "Gain On Sale Of Ppe": 0.0,
        "Other Special Charges": NaN,
        "Net Non Operating Interest Income Expense": -4244000.0,
        "Interest Expense Non Operating": 4244000.0,
        "Operating Income": 26456000.0,
        "Operating Expense": 25346000.0,
        "Depreciation Amortization Depletion Income Statement": 3218000.0,
        "Depreciation And Amortization In Income Statement": 3218000.0,
        "Selling General And Administration": 22128000.0,
        "Gross Profit": 51802000.0,
        "Cost Of Revenue": 55371000.0,
        "Total Revenue": 107173000.0,
        "Operating Revenue": 107173000.0
    },
    "2022-03-31": {
        "Diluted EPS": 0.29,
        "Total Revenue": 76,
        "Gross Profit": 61,
        "Operating Income": 17,
        "EBIT": 19,
        "Net Income": 9
    },
    "2021-12-31": {
        "Diluted EPS": 0.22,
        "Total Revenue": 72,
        "Gross Profit": 57,
        "Operating Income": 14,
        "EBIT": 17,
        "Net Income": 7
    },
    "2021-09-30": {
        "Diluted EPS": 0.38,
        "Total Revenue": 66,
        "Gross Profit": 51,
        "Operating Income": 21,
        "EBIT": 23,
        "Net Income": 11
    },
    "2021-06-30": {
        "Diluted EPS": 0.38,
        "Total Revenue": 74,
        "Gross Profit": 60,
        "Operating Income": 19,
        "EBIT": 21,
        "Net Income": 11
    },
    "2021-03-31": {
        "Diluted EPS": 0.44,
        "Total Revenue": 71,
        "Gross Profit": 57,
        "Operating Income": 20,
        "EBIT": 22,
        "Net Income": 13
    },
    "2020-12-31": {
        "Diluted EPS": -0.22,
        "Total Revenue": 63,
        "Gross Profit": 51,
        "Operating Income": 10,
        "EBIT": 13,
        "Net Income": -6
    },
    "2020-09-30": {
        "Diluted EPS": 0.34,
        "Total Revenue": 64,
        "Gross Profit": 52,
        "Operating Income": 14,
        "EBIT": 17,
        "Net Income": 10
    },
    "2020-06-30": {
        "Diluted EPS": 0.39,
        "Total Revenue": 66,
        "Gross Profit": 53,
        "Operating Income": 20,
        "EBIT": 21,
        "Net Income": 12
    },
    "2020-03-31": {
        "Diluted EPS": 0.27,
        "Total Revenue": 55,
        "Gross Profit": 44,
        "Operating Income": 13,
        "EBIT": 15,
        "Net Income": 8
    },
    "2019-12-31": {
        "Diluted EPS": 0.1,
        "Total Revenue": 53,
        "Gross Profit": 43,
        "Operating Income": 9,
        "EBIT": 11,
        "Net Income": 3
    },
    "2019-09-30": {
        "Diluted EPS": 0.2,
        "Total Revenue": 50,
        "Gross Profit": 40,
        "Operating Income": 12,
        "EBIT": 14,
        "Net Income": 6
    },
    "2019-06-30": {
        "Diluted EPS": 0.17,
        "Total Revenue": 49,
        "Gross Profit": 38,
        "Operating Income": 10,
        "EBIT": 12,
        "Net Income": 5
    },
    "2019-03-31": {
        "Diluted EPS": 0.22,
        "Total Revenue": 48,
        "Gross Profit": 38,
        "Operating Income": 12,
        "EBIT": 13,
        "Net Income": 7
    },
    "2018-12-31": {
        "Diluted EPS": 0.08,
        "Total Revenue": 41,
        "Gross Profit": 32,
        "Operating Income": 9,
        "EBIT": 10,
        "Net Income": 2
    },
    "2018-09-30": {
        "Diluted EPS": 0.21,
        "Total Revenue": 38,
        "Gross Profit": 30,
        "Operating Income": 10,
        "EBIT": 12,
        "Net Income": 6
    },
    "2018-06-30": {
        "Diluted EPS": 0.23,
        "Total Revenue": 37,
        "Gross Profit": 29,
        "Operating Income": 10,
        "EBIT": 11,
        "Net Income": 7
    },
    "2018-03-31": {
        "Diluted EPS": 0.21,
        "Total Revenue": 37,
        "Gross Profit": 30,
        "Operating Income": 10,
        "EBIT": 11,
        "Net Income": 6
    },
    "2017-12-31": {
        "Diluted EPS": 0.28,
        "Total Revenue": 35,
        "Gross Profit": 28,
        "Operating Income": 8,
        "EBIT": 10,
        "Net Income": 8
    },
    "2017-09-30": {
        "Diluted EPS": 0.16,
        "Total Revenue": 33,
        "Gross Profit": 25,
        "Operating Income": 9,
        "EBIT": 10,
        "Net Income": 5
    },
    "2017-06-30": {
        "Diluted EPS": 0.17,
        "Total Revenue": 32,
        "Gross Profit": 25,
        "Operating Income": 8,
        "EBIT": 9,
        "Net Income": 5
    },
    "2017-03-31": {
        "Diluted EPS": 0.21,
        "Total Revenue": 33,
        "Gross Profit": 27,
        "Operating Income": 9,
        "EBIT": 9,
        "Net Income": 6
    },
    "2016-12-31": {
        "Diluted EPS": 0.09,
        "Total Revenue": 37,
        "Gross Profit": 30,
        "Operating Income": 6,
        "EBIT": 7,
        "Net Income": 3
    },
    "2016-09-30": {
        "Diluted EPS": 0.09,
        "Total Revenue": 22,
        "Gross Profit": 16,
        "Operating Income": 6,
        "EBIT": 7,
        "Net Income": 3
    },
    "2016-06-30": {
        "Diluted EPS": 0.14,
        "Total Revenue": 23,
        "Gross Profit": 17,
        "Operating Income": 7,
        "EBIT": 8,
        "Net Income": 4
    },
    "2016-03-31": {
        "Diluted EPS": 0.15,
        "Total Revenue": 22,
        "Gross Profit": 16,
        "Operating Income": 8,
        "EBIT": 8,
        "Net Income": 4
    },
    "2015-12-31": {
        "Diluted EPS": 0.13,
        "Total Revenue": 21,
        "Gross Profit": 15,
        "Operating Income": 7,
        "EBIT": 7,
        "Net Income": 4
    },
    "2015-09-30": {
        "Diluted EPS": 0.11,
        "Total Revenue": 19,
        "Gross Profit": 14,
        "Operating Income": 6,
        "EBIT": 7,
        "Net Income": 3
    },
    "2015-06-30": {
        "Diluted EPS": 0.02,
        "Total Revenue": 19,
        "Gross Profit": 14,
        "Operating Income": 2,
        "EBIT": 3,
        "Net Income": 1
    },
    "2015-03-31": {
        "Diluted EPS": 0.1,
        "Total Revenue": 19,
        "Gross Profit": 13,
        "Operating Income": 5,
        "EBIT": 6,
        "Net Income": 3
    },
    "2014-12-31": {
        "Diluted EPS": 0.06,
        "Total Revenue": 18,
        "Gross Profit": 13,
        "Operating Income": 3,
        "EBIT": 4,
        "Net Income": 2
    },
    "2014-09-30": {
        "Diluted EPS": 0.08,
        "Total Revenue": 16,
        "Gross Profit": 12,
        "Operating Income": 4,
        "EBIT": 5,
        "Net Income": 2
    },
    "2014-06-30": {
        "Diluted EPS": 0.1,
        "Total Revenue": 16,
        "Gross Profit": 11,
        "Operating Income": 5,
        "EBIT": 6,
        "Net Income": 3
    },
    "2014-03-31": {
        "Diluted EPS": 0.11,
        "Total Revenue": 17,
        "Gross Profit": 11,
        "Operating Income": 6,
        "EBIT": 7,
        "Net Income": 3
    },
    "2013-12-31": {
        "Diluted EPS": 0.0,
        "Total Revenue": NaN,
        "Gross Profit": NaN,
        "Operating Income": NaN,
        "EBIT": NaN,
        "Net Income": NaN
    },
    "2012-12-31": {
        "Diluted EPS": 0.0,
        "Total Revenue": NaN,
        "Gross Profit": NaN,
        "Operating Income": NaN,
        "EBIT": NaN,
        "Net Income": NaN
    },
    "2023-09-30": {
        "Tax Effect Of Unusual Items": -4572.0,
        "Tax Rate For Calcs": 0.254,
        "Normalized EBITDA": 34073000.0,
        "Total Unusual Items": -18000.0,
        "Total Unusual Items Excluding Goodwill": -18000.0,
        "Net Income From Continuing Operation Net Minority Interest": 19511000.0,
        "Reconciled Depreciation": 3384000.0,
        "Reconciled Cost Of Revenue": 60003000.0,
        "EBITDA": 34055000.0,
        "EBIT": 30671000.0,
        "Net Interest Income": -4520000.0,
        "Interest Expense": 4520000.0,
        "Normalized Income": 19524428.0,
        "Net Income From Continuing And Discontinued Operation": 19511000.0,
        "Total Expenses": 86434000.0,
        "Total Operating Income As Reported": 30652000.0,
        "Diluted Average Shares": 29818000.0,
        "Basic Average Shares": 29750000.0,
        "Diluted EPS": 0.65,
        "Basic EPS": 0.66,
        "Diluted NI Availto Com Stockholders": 19511000.0,
        "Net Income Common Stockholders": 19511000.0,
        "Net Income": 19511000.0,
        "Net Income Including Noncontrolling Interests": 19511000.0,
        "Net Income Continuous Operations": 19511000.0,
        "Tax Provision": 6640000.0,
        "Pretax Income": 26151000.0,
        "Other Income Expense": 1000.0,
        "Other Non Operating Income Expenses": 19000.0,
        "Special Income Charges": -18000.0,
        "Gain On Sale Of Ppe": -18000.0,
        "Other Special Charges": NaN,
        "Net Non Operating Interest Income Expense": -4520000.0,
        "Interest Expense Non Operating": 4520000.0,
        "Operating Income": 30670000.0,
        "Operating Expense": 26431000.0,
        "Depreciation Amortization Depletion Income Statement": 3384000.0,
        "Depreciation And Amortization In Income Statement": 3384000.0,
        "Selling General And Administration": 23047000.0,
        "Gross Profit": 57101000.0,
        "Cost Of Revenue": 60003000.0,
        "Total Revenue": 117104000.0,
        "Operating Revenue": 117104000.0
    },
    "2023-12-31": {
        "Tax Effect Of Unusual Items": 0.0,
        "Tax Rate For Calcs": 0.247139,
        "Normalized EBITDA": 33528000.0,
        "Total Unusual Items": 0.0,
        "Total Unusual Items Excluding Goodwill": 0.0,
        "Net Income From Continuing Operation Net Minority Interest": 18814000.0,
        "Reconciled Depreciation": 3648000.0,
        "Reconciled Cost Of Revenue": 65517000.0,
        "EBITDA": 33528000.0,
        "EBIT": 29880000.0,
        "Net Interest Income": -4890000.0,
        "Interest Expense": 4890000.0,
        "Normalized Income": 18814000.0,
        "Net Income From Continuing And Discontinued Operation": 18814000.0,
        "Total Expenses": 97243000.0,
        "Total Operating Income As Reported": 29814000.0,
        "Diluted Average Shares": NaN,
        "Basic Average Shares": NaN,
        "Diluted EPS": NaN,
        "Basic EPS": NaN,
        "Diluted NI Availto Com Stockholders": 18814000.0,
        "Net Income Common Stockholders": 18814000.0,
        "Net Income": 18814000.0,
        "Net Income Including Noncontrolling Interests": 18814000.0,
        "Net Income Continuous Operations": 18814000.0,
        "Tax Provision": 6176000.0,
        "Pretax Income": 24990000.0,
        "Other Income Expense": 66000.0,
        "Other Non Operating Income Expenses": 66000.0,
        "Special Income Charges": 0.0,
        "Gain On Sale Of Ppe": 0.0,
        "Other Special Charges": NaN,
        "Net Non Operating Interest Income Expense": -4890000.0,
        "Interest Expense Non Operating": 4890000.0,
        "Operating Income": 29814000.0,
        "Operating Expense": 31726000.0,
        "Depreciation Amortization Depletion Income Statement": 3648000.0,
        "Depreciation And Amortization In Income Statement": 3648000.0,
        "Selling General And Administration": 28078000.0,
        "Gross Profit": 61540000.0,
        "Cost Of Revenue": 65517000.0,
        "Total Revenue": 127057000.0,
        "Operating Revenue": 127057000.0
    }
}