{
    "2023-03-31": {
        "Tax Effect Of Unusual Items": 0.0,
        "Tax Rate For Calcs": 0.0,
        "Normalized EBITDA": -92000000.0,
        "Net Income From Continuing Operation Net Minority Interest": -89000000.0,
        "Reconciled Depreciation": 1000000.0,
        "Reconciled Cost Of Revenue": 76000000.0,
        "EBITDA": -92000000.0,
        "EBIT": -93000000.0,
        "Net Interest Income": 4000000.0,
        "Normalized Income": -89000000.0,
        "Net Income From Continuing And Discontinued Operation": -89000000.0,
        "Total Expenses": 189000000.0,
        "Total Operating Income As Reported": -93000000.0,
        "Diluted Average Shares": 23245999.0,
        "Basic Average Shares": 23245999.0,
        "Diluted EPS": -3.83001,
        "Basic EPS": -3.83001,
        "Diluted NI Availto Com Stockholders": -89000000.0,
        "Net Income Common Stockholders": -89000000.0,
        "Net Income": -89000000.0,
        "Net Income Including Noncontrolling Interests": -89000000.0,
        "Net Income Continuous Operations": -89000000.0,
        "Tax Provision": 0.0,
        "Pretax Income": -89000000.0,
        "Net Non Operating Interest Income Expense": 4000000.0,
        "Total Other Finance Cost": -4000000.0,
        "Operating Income": -93000000.0,
        "Operating Expense": 113000000.0,
        "Research And Development": 51000000.0,
        "Selling General And Administration": 62000000.0,
        "Selling And Marketing Expense": 37000000.0,
        "General And Administrative Expense": 25000000.0,
        "Other Gand A": 25000000.0,
        "Gross Profit": 20000000.0,
        "Cost Of Revenue": 76000000.0,
        "Total Revenue": 96000000.0,
        "Operating Revenue": 96000000.0
    },
    "2022-12-31": {
        "Tax Effect Of Unusual Items": 0.0,
        "Tax Rate For Calcs": 0.017857,
        "Normalized EBITDA": -116000000.0,
        "Net Income From Continuing Operation Net Minority Interest": -110000000.0,
        "Reconciled Depreciation": 1000000.0,
        "Reconciled Cost Of Revenue": 97000000.0,
        "EBITDA": -116000000.0,
        "EBIT": -117000000.0,
        "Net Interest Income": 5000000.0,
        "Normalized Income": -110000000.0,
        "Net Income From Continuing And Discontinued Operation": -110000000.0,
        "Total Expenses": 240000000.0,
        "Total Operating Income As Reported": -117000000.0,
        "Diluted Average Shares": 22933333.0,
        "Basic Average Shares": 22933333.0,
        "Diluted EPS": -4.8,
        "Basic EPS": -4.8,
        "Diluted NI Availto Com Stockholders": -110000000.0,
        "Net Income Common Stockholders": -110000000.0,
        "Net Income": -110000000.0,
        "Net Income Including Noncontrolling Interests": -110000000.0,
        "Net Income Continuous Operations": -110000000.0,
        "Tax Provision": -2000000.0,
        "Pretax Income": -112000000.0,
        "Net Non Operating Interest Income Expense": 5000000.0,
        "Total Other Finance Cost": -5000000.0,
        "Operating Income": -117000000.0,
        "Operating Expense": 143000000.0,
        "Research And Development": 40000000.0,
        "Selling General And Administration": 103000000.0,
        "Selling And Marketing Expense": 73000000.0,
        "General And Administrative Expense": 30000000.0,
        "Other Gand A": 30000000.0,
        "Gross Profit": 26000000.0,
        "Cost Of Revenue": 97000000.0,
        "Total Revenue": 123000000.0,
        "Operating Revenue": 123000000.0
    },
    "2022-09-30": {
        "Tax Effect Of Unusual Items": 0.0,
        "Tax Rate For Calcs": 0.4,
        "Normalized EBITDA": -127000000.0,
        "Net Income From Continuing Operation Net Minority Interest": -124000000.0,
        "Reconciled Depreciation": 1000000.0,
        "Reconciled Cost Of Revenue": 91000000.0,
        "EBITDA": -127000000.0,
        "EBIT": -128000000.0,
        "Net Interest Income": 6000000.0,
        "Normalized Income": -124000000.0,
        "Net Income From Continuing And Discontinued Operation": -124000000.0,
        "Total Expenses": 253000000.0,
        "Total Operating Income As Reported": -128000000.0,
        "Diluted Average Shares": 22435000.0,
        "Basic Average Shares": 22435000.0,
        "Diluted EPS": -5.53,
        "Basic EPS": -5.53,
        "Diluted NI Availto Com Stockholders": -124000000.0,
        "Net Income Common Stockholders": -124000000.0,
        "Net Income": -124000000.0,
        "Net Income Including Noncontrolling Interests": -124000000.0,
        "Net Income Continuous Operations": -124000000.0,
        "Tax Provision": 2000000.0,
        "Pretax Income": -122000000.0,
        "Net Non Operating Interest Income Expense": 6000000.0,
        "Total Other Finance Cost": -6000000.0,
        "Operating Income": -128000000.0,
        "Operating Expense": 162000000.0,
        "Research And Development": 42000000.0,
        "Selling General And Administration": 120000000.0,
        "Selling And Marketing Expense": 80000000.0,
        "General And Administrative Expense": 40000000.0,
        "Other Gand A": 40000000.0,
        "Gross Profit": 34000000.0,
        "Cost Of Revenue": 91000000.0,
        "Total Revenue": 125000000.0,
        "Operating Revenue": 125000000.0
    },
    "2022-06-30": {
        "Tax Effect Of Unusual Items": 0.0,
        "Tax Rate For Calcs": 0.4,
        "Normalized EBITDA": -89000000.0,
        "Net Income From Continuing Operation Net Minority Interest": -90000000.0,
        "Reconciled Depreciation": 2000000.0,
        "Reconciled Cost Of Revenue": 92000000.0,
        "EBITDA": -89000000.0,
        "EBIT": -91000000.0,
        "Net Interest Income": 2000000.0,
        "Normalized Income": -90000000.0,
        "Net Income From Continuing And Discontinued Operation": -90000000.0,
        "Total Expenses": 225000000.0,
        "Total Operating Income As Reported": -91000000.0,
        "Diluted Average Shares": 22241000.0,
        "Basic Average Shares": 22241000.0,
        "Diluted EPS": -4.05,
        "Basic EPS": -4.05,
        "Diluted NI Availto Com Stockholders": -90000000.0,
        "Net Income Common Stockholders": -90000000.0,
        "Net Income": -90000000.0,
        "Net Income Including Noncontrolling Interests": -90000000.0,
        "Net Income Continuous Operations": -90000000.0,
        "Tax Provision": 1000000.0,
        "Pretax Income": -89000000.0,
        "Net Non Operating Interest Income Expense": 2000000.0,
        "Total Other Finance Cost": -2000000.0,
        "Operating Income": -91000000.0,
        "Operating Expense": 133000000.0,
        "Research And Development": 46000000.0,
        "Selling General And Administration": 87000000.0,
        "Selling And Marketing Expense": 56000000.0,
        "General And Administrative Expense": 31000000.0,
        "Other Gand A": 31000000.0,
        "Gross Profit": 42000000.0,
        "Cost Of Revenue": 92000000.0,
        "Total Revenue": 134000000.0,
        "Operating Revenue": 134000000.0
    },
    "2023-06-30": {
        "Tax Effect Of Unusual Items": 0.0,
        "Tax Rate For Calcs": 0.21,
        "Normalized EBITDA": -82000000.0,
        "Net Income From Continuing Operation Net Minority Interest": -80000000.0,
        "Reconciled Depreciation": 1000000.0,
        "Reconciled Cost Of Revenue": 62000000.0,
        "EBITDA": -82000000.0,
        "EBIT": -83000000.0,
        "Net Interest Income": 6000000.0,
        "Normalized Income": -80000000.0,
        "Net Income From Continuing And Discontinued Operation": -80000000.0,
        "Total Expenses": 161000000.0,
        "Total Operating Income As Reported": -83000000.0,
        "Diluted Average Shares": 23651000.0,
        "Basic Average Shares": 23651000.0,
        "Diluted EPS": -3.38,
        "Basic EPS": -3.38,
        "Diluted NI Availto Com Stockholders": -80000000.0,
        "Net Income Common Stockholders": -80000000.0,
        "Net Income": -80000000.0,
        "Net Income Including Noncontrolling Interests": -80000000.0,
        "Net Income Continuous Operations": -80000000.0,
        "Tax Provision": 3000000.0,
        "Pretax Income": -77000000.0,
        "Net Non Operating Interest Income Expense": 6000000.0,
        "Total Other Finance Cost": -6000000.0,
        "Operating Income": -83000000.0,
        "Operating Expense": 99000000.0,
        "Research And Development": 38000000.0,
        "Selling General And Administration": 61000000.0,
        "Selling And Marketing Expense": 39000000.0,
        "General And Administrative Expense": 22000000.0,
        "Other Gand A": 22000000.0,
        "Gross Profit": 16000000.0,
        "Cost Of Revenue": 62000000.0,
        "Total Revenue": 78000000.0,
        "Operating Revenue": 78000000.0
    },
    "2022-03-31": {
        "Diluted EPS": -2.72,
        "Total Revenue": 189,
        "Gross Profit": 64,
        "Operating Income": -62,
        "EBIT": -60,
        "Net Income": -60
    },
    "2021-12-31": {
        "Diluted EPS": -2.4,
        "Total Revenue": 289,
        "Gross Profit": 120,
        "Operating Income": -64,
        "EBIT": -62,
        "Net Income": -58
    },
    "2021-09-30": {
        "Diluted EPS": -3.0,
        "Total Revenue": 368,
        "Gross Profit": 167,
        "Operating Income": -63,
        "EBIT": -61,
        "Net Income": -64
    },
    "2021-06-30": {
        "Diluted EPS": -5.41,
        "Total Revenue": 656,
        "Gross Profit": 384,
        "Operating Income": -114,
        "EBIT": -111,
        "Net Income": -111
    },
    "2021-03-31": {
        "Diluted EPS": -6.31,
        "Total Revenue": 772,
        "Gross Profit": 437,
        "Operating Income": -126,
        "EBIT": -124,
        "Net Income": -128
    },
    "2020-12-31": {
        "Diluted EPS": -127.03,
        "Total Revenue": 794,
        "Gross Profit": 452,
        "Operating Income": -511,
        "EBIT": -508,
        "Net Income": -569
    },
    "2020-09-30": {
        "Diluted EPS": -27.63,
        "Total Revenue": 606,
        "Gross Profit": 365,
        "Operating Income": -78,
        "EBIT": -74,
        "Net Income": -99
    },
    "2020-06-30": {
        "Diluted EPS": -3.0,
        "Total Revenue": 701,
        "Gross Profit": 493,
        "Operating Income": 12,
        "EBIT": 15,
        "Net Income": -11
    },
    "2020-03-31": {
        "Diluted EPS": -18.62,
        "Total Revenue": 440,
        "Gross Profit": 284,
        "Operating Income": -54,
        "EBIT": -52,
        "Net Income": -66
    },
    "2019-12-31": {
        "Diluted EPS": 0.0,
        "Total Revenue": NaN,
        "Gross Profit": NaN,
        "Operating Income": NaN,
        "EBIT": NaN,
        "Net Income": NaN
    },
    "2019-09-30": {
        "Diluted EPS": -386.19,
        "Total Revenue": 455,
        "Gross Profit": 346,
        "Operating Income": -133,
        "EBIT": -133,
        "Net Income": -134
    },
    "2018-12-31": {
        "Diluted EPS": 0.0,
        "Total Revenue": NaN,
        "Gross Profit": NaN,
        "Operating Income": NaN,
        "EBIT": NaN,
        "Net Income": NaN
    },
    "2017-12-31": {
        "Diluted EPS": 0.0,
        "Total Revenue": NaN,
        "Gross Profit": NaN,
        "Operating Income": NaN,
        "EBIT": NaN,
        "Net Income": NaN
    },
    "2023-09-30": {
        "Tax Effect Of Unusual Items": 0.0,
        "Tax Rate For Calcs": 0.21,
        "Normalized EBITDA": -79000000.0,
        "Net Income From Continuing Operation Net Minority Interest": -80000000.0,
        "Reconciled Depreciation": 1000000.0,
        "Reconciled Cost Of Revenue": 46000000.0,
        "EBITDA": -79000000.0,
        "EBIT": -80000000.0,
        "Net Interest Income": 3000000.0,
        "Normalized Income": -80000000.0,
        "Net Income From Continuing And Discontinued Operation": -80000000.0,
        "Total Expenses": 140000000.0,
        "Total Operating Income As Reported": -80000000.0,
        "Diluted Average Shares": 23897000.0,
        "Basic Average Shares": 23897000.0,
        "Diluted EPS": -3.35,
        "Basic EPS": -3.35,
        "Diluted NI Availto Com Stockholders": -80000000.0,
        "Net Income Common Stockholders": -80000000.0,
        "Net Income": -80000000.0,
        "Net Income Including Noncontrolling Interests": -80000000.0,
        "Net Income Continuous Operations": -80000000.0,
        "Tax Provision": 3000000.0,
        "Pretax Income": -77000000.0,
        "Net Non Operating Interest Income Expense": 3000000.0,
        "Total Other Finance Cost": -3000000.0,
        "Operating Income": -80000000.0,
        "Operating Expense": 94000000.0,
        "Research And Development": 38000000.0,
        "Selling General And Administration": 56000000.0,
        "Selling And Marketing Expense": 35000000.0,
        "General And Administrative Expense": 21000000.0,
        "Other Gand A": 21000000.0,
        "Gross Profit": 14000000.0,
        "Cost Of Revenue": 46000000.0,
        "Total Revenue": 60000000.0,
        "Operating Revenue": 60000000.0
    },
    "2023-12-31": {
        "Tax Effect Of Unusual Items": 0.0,
        "Tax Rate For Calcs": 0.014493,
        "Normalized EBITDA": -71000000.0,
        "Net Income From Continuing Operation Net Minority Interest": -68000000.0,
        "Reconciled Depreciation": 1000000.0,
        "Reconciled Cost Of Revenue": 44000000.0,
        "EBITDA": -71000000.0,
        "EBIT": -72000000.0,
        "Net Interest Income": 3000000.0,
        "Normalized Income": -68000000.0,
        "Net Income From Continuing And Discontinued Operation": -68000000.0,
        "Total Expenses": 125000000.0,
        "Total Operating Income As Reported": -72000000.0,
        "Diluted Average Shares": NaN,
        "Basic Average Shares": NaN,
        "Diluted EPS": NaN,
        "Basic EPS": NaN,
        "Diluted NI Availto Com Stockholders": -68000000.0,
        "Net Income Common Stockholders": -68000000.0,
        "Net Income": -68000000.0,
        "Net Income Including Noncontrolling Interests": -68000000.0,
        "Net Income Continuous Operations": -68000000.0,
        "Tax Provision": -1000000.0,
        "Pretax Income": -69000000.0,
        "Net Non Operating Interest Income Expense": 3000000.0,
        "Total Other Finance Cost": NaN,
        "Operating Income": -72000000.0,
        "Operating Expense": 81000000.0,
        "Research And Development": 25000000.0,
        "Selling General And Administration": 56000000.0,
        "Selling And Marketing Expense": 32000000.0,
        "General And Administrative Expense": 24000000.0,
        "Other Gand A": 24000000.0,
        "Gross Profit": 9000000.0,
        "Cost Of Revenue": 44000000.0,
        "Total Revenue": 53000000.0,
        "Operating Revenue": 53000000.0
    }
}