{
    "2023-03-31": {
        "Tax Effect Of Unusual Items": NaN,
        "Tax Rate For Calcs": NaN,
        "Normalized EBITDA": NaN,
        "Total Unusual Items": NaN,
        "Total Unusual Items Excluding Goodwill": NaN,
        "Net Income From Continuing Operation Net Minority Interest": NaN,
        "Reconciled Depreciation": NaN,
        "Reconciled Cost Of Revenue": NaN,
        "EBITDA": NaN,
        "EBIT": NaN,
        "Net Interest Income": NaN,
        "Interest Income": 21377000.0,
        "Normalized Income": NaN,
        "Net Income From Continuing And Discontinued Operation": NaN,
        "Total Expenses": NaN,
        "Total Operating Income As Reported": NaN,
        "Diluted Average Shares": NaN,
        "Basic Average Shares": NaN,
        "Diluted EPS": NaN,
        "Basic EPS": NaN,
        "Diluted NI Availto Com Stockholders": NaN,
        "Net Income Common Stockholders": NaN,
        "Net Income": NaN,
        "Net Income Including Noncontrolling Interests": NaN,
        "Net Income Continuous Operations": NaN,
        "Tax Provision": NaN,
        "Pretax Income": NaN,
        "Other Income Expense": NaN,
        "Other Non Operating Income Expenses": NaN,
        "Special Income Charges": NaN,
        "Write Off": NaN,
        "Net Non Operating Interest Income Expense": NaN,
        "Total Other Finance Cost": -21377000.0,
        "Interest Income Non Operating": 21377000.0,
        "Operating Income": NaN,
        "Operating Expense": NaN,
        "Research And Development": NaN,
        "Selling General And Administration": NaN,
        "Selling And Marketing Expense": NaN,
        "General And Administrative Expense": NaN,
        "Other Gand A": NaN,
        "Gross Profit": NaN,
        "Cost Of Revenue": NaN,
        "Total Revenue": NaN,
        "Operating Revenue": NaN
    },
    "2022-12-31": {
        "Tax Effect Of Unusual Items": NaN,
        "Tax Rate For Calcs": NaN,
        "Normalized EBITDA": NaN,
        "Total Unusual Items": NaN,
        "Total Unusual Items Excluding Goodwill": NaN,
        "Net Income From Continuing Operation Net Minority Interest": NaN,
        "Reconciled Depreciation": NaN,
        "Reconciled Cost Of Revenue": NaN,
        "EBITDA": NaN,
        "EBIT": NaN,
        "Net Interest Income": NaN,
        "Interest Income": NaN,
        "Normalized Income": NaN,
        "Net Income From Continuing And Discontinued Operation": NaN,
        "Total Expenses": NaN,
        "Total Operating Income As Reported": NaN,
        "Diluted Average Shares": NaN,
        "Basic Average Shares": NaN,
        "Diluted EPS": NaN,
        "Basic EPS": NaN,
        "Diluted NI Availto Com Stockholders": NaN,
        "Net Income Common Stockholders": NaN,
        "Net Income": NaN,
        "Net Income Including Noncontrolling Interests": NaN,
        "Net Income Continuous Operations": NaN,
        "Tax Provision": NaN,
        "Pretax Income": NaN,
        "Other Income Expense": NaN,
        "Other Non Operating Income Expenses": NaN,
        "Special Income Charges": NaN,
        "Write Off": NaN,
        "Net Non Operating Interest Income Expense": NaN,
        "Total Other Finance Cost": -169529000.0,
        "Interest Income Non Operating": NaN,
        "Operating Income": NaN,
        "Operating Expense": NaN,
        "Research And Development": NaN,
        "Selling General And Administration": NaN,
        "Selling And Marketing Expense": NaN,
        "General And Administrative Expense": NaN,
        "Other Gand A": NaN,
        "Gross Profit": NaN,
        "Cost Of Revenue": NaN,
        "Total Revenue": NaN,
        "Operating Revenue": NaN
    },
    "2022-09-30": {
        "Tax Effect Of Unusual Items": 0.0,
        "Tax Rate For Calcs": 0.4,
        "Normalized EBITDA": -56885000.0,
        "Total Unusual Items": NaN,
        "Total Unusual Items Excluding Goodwill": NaN,
        "Net Income From Continuing Operation Net Minority Interest": -47361000.0,
        "Reconciled Depreciation": 5426000.0,
        "Reconciled Cost Of Revenue": 127857000.0,
        "EBITDA": -56885000.0,
        "EBIT": -62311000.0,
        "Net Interest Income": 21142000.0,
        "Normalized Income": -47361000.0,
        "Net Income From Continuing And Discontinued Operation": -47361000.0,
        "Total Expenses": 408116000.0,
        "Total Operating Income As Reported": -62311000.0,
        "Diluted Average Shares": 58355542.0,
        "Basic Average Shares": 58355542.0,
        "Diluted EPS": -0.81,
        "Basic EPS": -0.81,
        "Diluted NI Availto Com Stockholders": -47361000.0,
        "Net Income Common Stockholders": -47361000.0,
        "Net Income": -47361000.0,
        "Net Income Including Noncontrolling Interests": -47361000.0,
        "Net Income Continuous Operations": -47361000.0,
        "Tax Provision": 6323000.0,
        "Pretax Income": -41038000.0,
        "Other Income Expense": 131000.0,
        "Other Non Operating Income Expenses": 131000.0,
        "Special Income Charges": NaN,
        "Write Off": NaN,
        "Net Non Operating Interest Income Expense": 21142000.0,
        "Total Other Finance Cost": -21142000.0,
        "Operating Income": -62311000.0,
        "Operating Expense": 280259000.0,
        "Research And Development": 120384000.0,
        "Selling General And Administration": 159875000.0,
        "Selling And Marketing Expense": 117448000.0,
        "General And Administrative Expense": 42427000.0,
        "Other Gand A": 42427000.0,
        "Gross Profit": 217948000.0,
        "Cost Of Revenue": 127857000.0,
        "Total Revenue": 345805000.0,
        "Operating Revenue": 345805000.0
    },
    "2022-06-30": {
        "Tax Effect Of Unusual Items": 0.0,
        "Tax Rate For Calcs": 0.08739,
        "Normalized EBITDA": -69420000.0,
        "Total Unusual Items": NaN,
        "Total Unusual Items Excluding Goodwill": NaN,
        "Net Income From Continuing Operation Net Minority Interest": -111238000.0,
        "Reconciled Depreciation": 5602000.0,
        "Reconciled Cost Of Revenue": 134857000.0,
        "EBITDA": -69420000.0,
        "EBIT": -75022000.0,
        "Net Interest Income": -46926000.0,
        "Normalized Income": -111238000.0,
        "Net Income From Continuing And Discontinued Operation": -111238000.0,
        "Total Expenses": 420246000.0,
        "Total Operating Income As Reported": -75022000.0,
        "Diluted Average Shares": 57943140.0,
        "Basic Average Shares": 57943140.0,
        "Diluted EPS": -1.92,
        "Basic EPS": -1.92,
        "Diluted NI Availto Com Stockholders": -111238000.0,
        "Net Income Common Stockholders": -111238000.0,
        "Net Income": -111238000.0,
        "Net Income Including Noncontrolling Interests": -111238000.0,
        "Net Income Continuous Operations": -111238000.0,
        "Tax Provision": -10652000.0,
        "Pretax Income": -121890000.0,
        "Other Income Expense": 58000.0,
        "Other Non Operating Income Expenses": 58000.0,
        "Special Income Charges": NaN,
        "Write Off": NaN,
        "Net Non Operating Interest Income Expense": -46926000.0,
        "Total Other Finance Cost": 46926000.0,
        "Operating Income": -75022000.0,
        "Operating Expense": 285389000.0,
        "Research And Development": 121618000.0,
        "Selling General And Administration": 163771000.0,
        "Selling And Marketing Expense": 120780000.0,
        "General And Administrative Expense": 42991000.0,
        "Other Gand A": 42991000.0,
        "Gross Profit": 210367000.0,
        "Cost Of Revenue": 134857000.0,
        "Total Revenue": 345224000.0,
        "Operating Revenue": 345224000.0
    },
    "2022-03-31": {
        "Diluted EPS": -3.95,
        "Total Revenue": 342,
        "Gross Profit": 207,
        "Operating Income": -115,
        "EBIT": -109,
        "Net Income": -227
    },
    "2021-12-31": {
        "Diluted EPS": -1.83,
        "Total Revenue": 333,
        "Gross Profit": 202,
        "Operating Income": -96,
        "EBIT": -91,
        "Net Income": -109
    },
    "2021-09-30": {
        "Diluted EPS": 0.27,
        "Total Revenue": 320,
        "Gross Profit": 198,
        "Operating Income": -70,
        "EBIT": -62,
        "Net Income": 16
    },
    "2021-06-30": {
        "Diluted EPS": 0.6,
        "Total Revenue": 316,
        "Gross Profit": 195,
        "Operating Income": -72,
        "EBIT": -66,
        "Net Income": 38
    },
    "2021-03-31": {
        "Diluted EPS": -1.1,
        "Total Revenue": 301,
        "Gross Profit": 187,
        "Operating Income": -87,
        "EBIT": -82,
        "Net Income": -62
    },
    "2020-12-31": {
        "Diluted EPS": -0.22,
        "Total Revenue": 278,
        "Gross Profit": 178,
        "Operating Income": -57,
        "EBIT": -41,
        "Net Income": -13
    },
    "2020-09-30": {
        "Diluted EPS": -1.03,
        "Total Revenue": 254,
        "Gross Profit": 174,
        "Operating Income": -50,
        "EBIT": -27,
        "Net Income": -57
    },
    "2020-06-30": {
        "Diluted EPS": -1.06,
        "Total Revenue": 236,
        "Gross Profit": 166,
        "Operating Income": -54,
        "EBIT": -54,
        "Net Income": -58
    },
    "2020-03-31": {
        "Diluted EPS": -0.76,
        "Total Revenue": 216,
        "Gross Profit": 154,
        "Operating Income": -38,
        "EBIT": -29,
        "Net Income": -39
    },
    "2019-12-31": {
        "Diluted EPS": -0.42,
        "Total Revenue": 205,
        "Gross Profit": 147,
        "Operating Income": -18,
        "EBIT": -7,
        "Net Income": -22
    },
    "2019-09-30": {
        "Diluted EPS": -0.34,
        "Total Revenue": 197,
        "Gross Profit": 143,
        "Operating Income": -21,
        "EBIT": -11,
        "Net Income": -17
    },
    "2019-06-30": {
        "Diluted EPS": -0.33,
        "Total Revenue": 185,
        "Gross Profit": 139,
        "Operating Income": -14,
        "EBIT": -5,
        "Net Income": -17
    },
    "2019-03-31": {
        "Diluted EPS": -0.62,
        "Total Revenue": 174,
        "Gross Profit": 135,
        "Operating Income": -28,
        "EBIT": -19,
        "Net Income": -31
    },
    "2018-12-31": {
        "Diluted EPS": -0.11,
        "Total Revenue": 164,
        "Gross Profit": 130,
        "Operating Income": -2,
        "EBIT": 6,
        "Net Income": -6
    },
    "2018-09-30": {
        "Diluted EPS": -0.12,
        "Total Revenue": 156,
        "Gross Profit": 123,
        "Operating Income": -3,
        "EBIT": 4,
        "Net Income": -6
    },
    "2018-06-30": {
        "Diluted EPS": -0.12,
        "Total Revenue": 146,
        "Gross Profit": 116,
        "Operating Income": -7,
        "EBIT": -4,
        "Net Income": -6
    },
    "2018-03-31": {
        "Diluted EPS": -0.42,
        "Total Revenue": 138,
        "Gross Profit": 109,
        "Operating Income": -18,
        "EBIT": -16,
        "Net Income": -20
    },
    "2017-12-31": {
        "Diluted EPS": -0.14,
        "Total Revenue": 119,
        "Gross Profit": 101,
        "Operating Income": -8,
        "EBIT": -6,
        "Net Income": -7
    },
    "2017-09-30": {
        "Diluted EPS": -0.32,
        "Total Revenue": 111,
        "Gross Profit": 92,
        "Operating Income": -11,
        "EBIT": -9,
        "Net Income": -15
    },
    "2017-06-30": {
        "Diluted EPS": -0.31,
        "Total Revenue": 104,
        "Gross Profit": 85,
        "Operating Income": -11,
        "EBIT": -8,
        "Net Income": -14
    },
    "2017-03-31": {
        "Diluted EPS": -0.47,
        "Total Revenue": 93,
        "Gross Profit": 78,
        "Operating Income": -20,
        "EBIT": -19,
        "Net Income": -21
    },
    "2016-12-31": {
        "Diluted EPS": -0.12,
        "Total Revenue": 84,
        "Gross Profit": 71,
        "Operating Income": -5,
        "EBIT": -4,
        "Net Income": -6
    },
    "2016-09-30": {
        "Diluted EPS": -0.23,
        "Total Revenue": 76,
        "Gross Profit": 65,
        "Operating Income": -9,
        "EBIT": -8,
        "Net Income": -10
    },
    "2016-06-30": {
        "Diluted EPS": -0.28,
        "Total Revenue": 69,
        "Gross Profit": 58,
        "Operating Income": -10,
        "EBIT": -9,
        "Net Income": -11
    },
    "2016-03-31": {
        "Diluted EPS": -0.49,
        "Total Revenue": 62,
        "Gross Profit": 51,
        "Operating Income": -20,
        "EBIT": -18,
        "Net Income": -20
    },
    "2015-12-31": {
        "Diluted EPS": -0.28,
        "Total Revenue": 57,
        "Gross Profit": 47,
        "Operating Income": -10,
        "EBIT": -9,
        "Net Income": -11
    },
    "2015-09-30": {
        "Diluted EPS": -0.3,
        "Total Revenue": 54,
        "Gross Profit": 44,
        "Operating Income": -10,
        "EBIT": -9,
        "Net Income": -12
    },
    "2015-06-30": {
        "Diluted EPS": -0.31,
        "Total Revenue": 49,
        "Gross Profit": 40,
        "Operating Income": -11,
        "EBIT": -9,
        "Net Income": -12
    },
    "2015-03-31": {
        "Diluted EPS": -0.41,
        "Total Revenue": 45,
        "Gross Profit": 37,
        "Operating Income": -17,
        "EBIT": -16,
        "Net Income": -16
    },
    "2014-12-31": {
        "Diluted EPS": -0.39,
        "Total Revenue": 42,
        "Gross Profit": 34,
        "Operating Income": -14,
        "EBIT": -13,
        "Net Income": -15
    },
    "2014-09-30": {
        "Diluted EPS": -0.34,
        "Total Revenue": 38,
        "Gross Profit": 31,
        "Operating Income": -14,
        "EBIT": -13,
        "Net Income": -13
    },
    "2014-06-30": {
        "Diluted EPS": -0.37,
        "Total Revenue": 34,
        "Gross Profit": 28,
        "Operating Income": -13,
        "EBIT": -13,
        "Net Income": -14
    },
    "2014-03-31": {
        "Diluted EPS": -0.4,
        "Total Revenue": 29,
        "Gross Profit": 24,
        "Operating Income": -14,
        "EBIT": -14,
        "Net Income": -15
    },
    "2013-12-31": {
        "Diluted EPS": -0.45,
        "Total Revenue": 25,
        "Gross Profit": 25,
        "Operating Income": 25,
        "EBIT": 25,
        "Net Income": -11
    },
    "2013-09-30": {
        "Diluted EPS": -1.19,
        "Total Revenue": 21,
        "Gross Profit": 21,
        "Operating Income": 21,
        "EBIT": 21,
        "Net Income": -8
    },
    "2013-06-30": {
        "Diluted EPS": -0.86,
        "Total Revenue": 19,
        "Gross Profit": 19,
        "Operating Income": 19,
        "EBIT": 19,
        "Net Income": -5
    },
    "2013-03-31": {
        "Diluted EPS": -0.83,
        "Total Revenue": 16,
        "Gross Profit": 16,
        "Operating Income": 16,
        "EBIT": 16,
        "Net Income": -5
    },
    "2012-12-31": {
        "Diluted EPS": -0.63,
        "Total Revenue": 13,
        "Gross Profit": 13,
        "Operating Income": 13,
        "EBIT": 13,
        "Net Income": -3
    },
    "2023-06-30": {
        "Tax Effect Of Unusual Items": -69300.0,
        "Tax Rate For Calcs": 0.21,
        "Normalized EBITDA": 19622000.0,
        "Total Unusual Items": -330000.0,
        "Total Unusual Items Excluding Goodwill": -330000.0,
        "Net Income From Continuing Operation Net Minority Interest": 33577000.0,
        "Reconciled Depreciation": 5986000.0,
        "Reconciled Cost Of Revenue": 127894000.0,
        "EBITDA": 19292000.0,
        "EBIT": 13306000.0,
        "Net Interest Income": 20053000.0,
        "Interest Income": 20053000.0,
        "Normalized Income": 33837700.0,
        "Net Income From Continuing And Discontinued Operation": 33577000.0,
        "Total Expenses": 376671000.0,
        "Total Operating Income As Reported": 12976000.0,
        "Diluted Average Shares": 62186895.0,
        "Basic Average Shares": 56744007.0,
        "Diluted EPS": 0.56,
        "Basic EPS": 0.59,
        "Diluted NI Availto Com Stockholders": 33577000.0,
        "Net Income Common Stockholders": 33577000.0,
        "Net Income": 33577000.0,
        "Net Income Including Noncontrolling Interests": 33577000.0,
        "Net Income Continuous Operations": 33577000.0,
        "Tax Provision": -430000.0,
        "Pretax Income": 33147000.0,
        "Other Income Expense": -212000.0,
        "Other Non Operating Income Expenses": 118000.0,
        "Special Income Charges": -330000.0,
        "Write Off": 330000.0,
        "Net Non Operating Interest Income Expense": 20053000.0,
        "Total Other Finance Cost": -20053000.0,
        "Interest Income Non Operating": 20053000.0,
        "Operating Income": 13306000.0,
        "Operating Expense": 248777000.0,
        "Research And Development": 115490000.0,
        "Selling General And Administration": 133287000.0,
        "Selling And Marketing Expense": 96037000.0,
        "General And Administrative Expense": 37250000.0,
        "Other Gand A": 37250000.0,
        "Gross Profit": 262083000.0,
        "Cost Of Revenue": 127894000.0,
        "Total Revenue": 389977000.0,
        "Operating Revenue": 389977000.0
    },
    "2023-09-30": {
        "Tax Effect Of Unusual Items": -620092.100517,
        "Tax Rate For Calcs": 0.161356,
        "Normalized EBITDA": 7731000.0,
        "Total Unusual Items": -3843000.0,
        "Total Unusual Items Excluding Goodwill": -3843000.0,
        "Net Income From Continuing Operation Net Minority Interest": 6975000.0,
        "Reconciled Depreciation": 5837000.0,
        "Reconciled Cost Of Revenue": 129043000.0,
        "EBITDA": 3888000.0,
        "EBIT": -1949000.0,
        "Net Interest Income": 14583000.0,
        "Interest Income": NaN,
        "Normalized Income": 10197907.899483,
        "Net Income From Continuing And Discontinued Operation": 6975000.0,
        "Total Expenses": 395790000.0,
        "Total Operating Income As Reported": -5792000.0,
        "Diluted Average Shares": 58497072.0,
        "Basic Average Shares": 56837917.0,
        "Diluted EPS": 0.12,
        "Basic EPS": 0.12,
        "Diluted NI Availto Com Stockholders": 6975000.0,
        "Net Income Common Stockholders": 6975000.0,
        "Net Income": 6975000.0,
        "Net Income Including Noncontrolling Interests": 6975000.0,
        "Net Income Continuous Operations": 6975000.0,
        "Tax Provision": 1342000.0,
        "Pretax Income": 8317000.0,
        "Other Income Expense": -4317000.0,
        "Other Non Operating Income Expenses": -474000.0,
        "Special Income Charges": -3843000.0,
        "Write Off": 3843000.0,
        "Net Non Operating Interest Income Expense": 14583000.0,
        "Total Other Finance Cost": -14583000.0,
        "Interest Income Non Operating": NaN,
        "Operating Income": -1949000.0,
        "Operating Expense": 266747000.0,
        "Research And Development": 125117000.0,
        "Selling General And Administration": 141630000.0,
        "Selling And Marketing Expense": 100765000.0,
        "General And Administrative Expense": 40865000.0,
        "Other Gand A": 40865000.0,
        "Gross Profit": 264798000.0,
        "Cost Of Revenue": 129043000.0,
        "Total Revenue": 393841000.0,
        "Operating Revenue": 393841000.0
    },
    "2023-12-31": {
        "Tax Effect Of Unusual Items": 3991680.0,
        "Tax Rate For Calcs": 0.21,
        "Normalized EBITDA": 27876000.0,
        "Total Unusual Items": 19008000.0,
        "Total Unusual Items Excluding Goodwill": 19008000.0,
        "Net Income From Continuing Operation Net Minority Interest": 2954000.0,
        "Reconciled Depreciation": 8213000.0,
        "Reconciled Cost Of Revenue": 126113000.0,
        "EBITDA": 46884000.0,
        "EBIT": 38671000.0,
        "Net Interest Income": -15650000.0,
        "Interest Income": NaN,
        "Normalized Income": -12062320.0,
        "Net Income From Continuing And Discontinued Operation": 2954000.0,
        "Total Expenses": 398899000.0,
        "Total Operating Income As Reported": 1769000.0,
        "Diluted Average Shares": 59085757.0,
        "Basic Average Shares": 57317815.0,
        "Diluted EPS": 0.05,
        "Basic EPS": 0.05,
        "Diluted NI Availto Com Stockholders": 2954000.0,
        "Net Income Common Stockholders": 2954000.0,
        "Net Income": 2954000.0,
        "Net Income Including Noncontrolling Interests": 2954000.0,
        "Net Income Continuous Operations": 2954000.0,
        "Tax Provision": 5320000.0,
        "Pretax Income": 8274000.0,
        "Other Income Expense": 19052000.0,
        "Other Non Operating Income Expenses": 44000.0,
        "Special Income Charges": -3103000.0,
        "Write Off": 3103000.0,
        "Net Non Operating Interest Income Expense": -15650000.0,
        "Total Other Finance Cost": 56641000.0,
        "Interest Income Non Operating": NaN,
        "Operating Income": 4872000.0,
        "Operating Expense": 272786000.0,
        "Research And Development": 125743000.0,
        "Selling General And Administration": 147043000.0,
        "Selling And Marketing Expense": 103642000.0,
        "General And Administrative Expense": 43401000.0,
        "Other Gand A": 43401000.0,
        "Gross Profit": 277658000.0,
        "Cost Of Revenue": 126113000.0,
        "Total Revenue": 403771000.0,
        "Operating Revenue": 403771000.0
    },
    "2024-03-31": {
        "Tax Effect Of Unusual Items": 0.0,
        "Tax Rate For Calcs": 0.165583,
        "Normalized EBITDA": 17595000.0,
        "Total Unusual Items": 0.0,
        "Total Unusual Items Excluding Goodwill": 0.0,
        "Net Income From Continuing Operation Net Minority Interest": 24002000.0,
        "Reconciled Depreciation": 7925000.0,
        "Reconciled Cost Of Revenue": 137297000.0,
        "EBITDA": 17595000.0,
        "EBIT": 9670000.0,
        "Net Interest Income": 18884000.0,
        "Interest Income": 18884000.0,
        "Normalized Income": 24002000.0,
        "Net Income From Continuing And Discontinued Operation": 24002000.0,
        "Total Expenses": 410106000.0,
        "Total Operating Income As Reported": 9670000.0,
        "Diluted Average Shares": 58647238.0,
        "Basic Average Shares": 56098997.0,
        "Diluted EPS": 0.41,
        "Basic EPS": 0.43,
        "Diluted NI Availto Com Stockholders": 24002000.0,
        "Net Income Common Stockholders": 24002000.0,
        "Net Income": 24002000.0,
        "Net Income Including Noncontrolling Interests": 24002000.0,
        "Net Income Continuous Operations": 24002000.0,
        "Tax Provision": 4763000.0,
        "Pretax Income": 28765000.0,
        "Other Income Expense": 211000.0,
        "Other Non Operating Income Expenses": 211000.0,
        "Special Income Charges": 0.0,
        "Write Off": 0.0,
        "Net Non Operating Interest Income Expense": 18884000.0,
        "Total Other Finance Cost": NaN,
        "Interest Income Non Operating": 18884000.0,
        "Operating Income": 9670000.0,
        "Operating Expense": 272809000.0,
        "Research And Development": 124245000.0,
        "Selling General And Administration": 148564000.0,
        "Selling And Marketing Expense": 107234000.0,
        "General And Administrative Expense": 41330000.0,
        "Other Gand A": 41330000.0,
        "Gross Profit": 282479000.0,
        "Cost Of Revenue": 137297000.0,
        "Total Revenue": 419776000.0,
        "Operating Revenue": 419776000.0
    },
    "2024-06-30": {
        "Tax Effect Of Unusual Items": 0.0,
        "Tax Rate For Calcs": 0.036757,
        "Normalized EBITDA": 36497000.0,
        "Total Unusual Items": 0.0,
        "Total Unusual Items Excluding Goodwill": 0.0,
        "Net Income From Continuing Operation Net Minority Interest": 39518000.0,
        "Reconciled Depreciation": 7892000.0,
        "Reconciled Cost Of Revenue": 141674000.0,
        "EBITDA": 36497000.0,
        "EBIT": 28605000.0,
        "Net Interest Income": 12383000.0,
        "Interest Income": 12383000.0,
        "Normalized Income": 39518000.0,
        "Net Income From Continuing And Discontinued Operation": 39518000.0,
        "Total Expenses": 407141000.0,
        "Total Operating Income As Reported": 28605000.0,
        "Diluted Average Shares": 59526418.0,
        "Basic Average Shares": 55361595.0,
        "Diluted EPS": 0.68,
        "Basic EPS": 0.71,
        "Diluted NI Availto Com Stockholders": 39518000.0,
        "Net Income Common Stockholders": 39518000.0,
        "Net Income": 39518000.0,
        "Net Income Including Noncontrolling Interests": 39518000.0,
        "Net Income Continuous Operations": 39518000.0,
        "Tax Provision": 1508000.0,
        "Pretax Income": 41026000.0,
        "Other Income Expense": 38000.0,
        "Other Non Operating Income Expenses": 38000.0,
        "Special Income Charges": 0.0,
        "Write Off": 0.0,
        "Net Non Operating Interest Income Expense": 12383000.0,
        "Total Other Finance Cost": NaN,
        "Interest Income Non Operating": 12383000.0,
        "Operating Income": 28605000.0,
        "Operating Expense": 265467000.0,
        "Research And Development": 119257000.0,
        "Selling General And Administration": 146210000.0,
        "Selling And Marketing Expense": 102498000.0,
        "General And Administrative Expense": 43712000.0,
        "Other Gand A": 43712000.0,
        "Gross Profit": 294072000.0,
        "Cost Of Revenue": 141674000.0,
        "Total Revenue": 435746000.0,
        "Operating Revenue": 435746000.0
    }
}