{
    "2023-03-31": {
        "Tax Effect Of Unusual Items": 0.0,
        "Tax Rate For Calcs": 0.23,
        "Normalized EBITDA": -24422000.0,
        "Net Income From Continuing Operation Net Minority Interest": -26123000.0,
        "Reconciled Depreciation": 1355000.0,
        "Reconciled Cost Of Revenue": 12192000.0,
        "EBITDA": -24422000.0,
        "EBIT": -25777000.0,
        "Net Interest Income": 3243000.0,
        "Interest Income": 3243000.0,
        "Normalized Income": -26123000.0,
        "Net Income From Continuing And Discontinued Operation": -26123000.0,
        "Total Expenses": 91669000.0,
        "Total Operating Income As Reported": -25777000.0,
        "Diluted Average Shares": 87288085.0,
        "Basic Average Shares": 87288085.0,
        "Diluted EPS": -0.3,
        "Basic EPS": -0.3,
        "Diluted NI Availto Com Stockholders": -26123000.0,
        "Net Income Common Stockholders": -26123000.0,
        "Net Income": -26123000.0,
        "Minority Interests": -2477000.0,
        "Net Income Including Noncontrolling Interests": -23646000.0,
        "Net Income Continuous Operations": -23646000.0,
        "Tax Provision": 1112000.0,
        "Pretax Income": -22534000.0,
        "Net Non Operating Interest Income Expense": 3243000.0,
        "Total Other Finance Cost": -3243000.0,
        "Interest Income Non Operating": 3243000.0,
        "Operating Income": -25777000.0,
        "Operating Expense": 79477000.0,
        "Research And Development": 14272000.0,
        "Selling General And Administration": 65205000.0,
        "Selling And Marketing Expense": 44458000.0,
        "General And Administrative Expense": 20747000.0,
        "Other Gand A": 20747000.0,
        "Salaries And Wages": 13705000.0,
        "Gross Profit": 53700000.0,
        "Cost Of Revenue": 12192000.0,
        "Total Revenue": 65892000.0,
        "Operating Revenue": 65892000.0
    },
    "2022-12-31": {
        "Tax Effect Of Unusual Items": 0.0,
        "Tax Rate For Calcs": 0.23,
        "Normalized EBITDA": -21336000.0,
        "Net Income From Continuing Operation Net Minority Interest": -18615000.0,
        "Reconciled Depreciation": 1215000.0,
        "Reconciled Cost Of Revenue": 12449000.0,
        "EBITDA": -21336000.0,
        "EBIT": -22551000.0,
        "Net Interest Income": 2954000.0,
        "Interest Income": NaN,
        "Normalized Income": -18615000.0,
        "Net Income From Continuing And Discontinued Operation": -18615000.0,
        "Total Expenses": 87414000.0,
        "Total Operating Income As Reported": -22551000.0,
        "Diluted Average Shares": 86235574.0,
        "Basic Average Shares": 86235574.0,
        "Diluted EPS": -0.22,
        "Basic EPS": -0.22,
        "Diluted NI Availto Com Stockholders": -18615000.0,
        "Net Income Common Stockholders": -18615000.0,
        "Net Income": -18615000.0,
        "Minority Interests": 2713000.0,
        "Net Income Including Noncontrolling Interests": -21328000.0,
        "Net Income Continuous Operations": -21328000.0,
        "Tax Provision": 1731000.0,
        "Pretax Income": -19597000.0,
        "Net Non Operating Interest Income Expense": 2954000.0,
        "Total Other Finance Cost": -2954000.0,
        "Interest Income Non Operating": NaN,
        "Operating Income": -22551000.0,
        "Operating Expense": 74965000.0,
        "Research And Development": 13964000.0,
        "Selling General And Administration": 61001000.0,
        "Selling And Marketing Expense": 45314000.0,
        "General And Administrative Expense": 15687000.0,
        "Other Gand A": 15687000.0,
        "Salaries And Wages": NaN,
        "Gross Profit": 52414000.0,
        "Cost Of Revenue": 12449000.0,
        "Total Revenue": 64863000.0,
        "Operating Revenue": 64863000.0
    },
    "2022-09-30": {
        "Tax Effect Of Unusual Items": NaN,
        "Tax Rate For Calcs": NaN,
        "Normalized EBITDA": NaN,
        "Net Income From Continuing Operation Net Minority Interest": NaN,
        "Reconciled Depreciation": NaN,
        "Reconciled Cost Of Revenue": NaN,
        "EBITDA": NaN,
        "EBIT": NaN,
        "Net Interest Income": NaN,
        "Interest Income": NaN,
        "Normalized Income": NaN,
        "Net Income From Continuing And Discontinued Operation": NaN,
        "Total Expenses": NaN,
        "Total Operating Income As Reported": NaN,
        "Diluted Average Shares": NaN,
        "Basic Average Shares": NaN,
        "Diluted EPS": NaN,
        "Basic EPS": NaN,
        "Diluted NI Availto Com Stockholders": NaN,
        "Net Income Common Stockholders": NaN,
        "Net Income": NaN,
        "Minority Interests": NaN,
        "Net Income Including Noncontrolling Interests": NaN,
        "Net Income Continuous Operations": NaN,
        "Tax Provision": NaN,
        "Pretax Income": NaN,
        "Net Non Operating Interest Income Expense": NaN,
        "Total Other Finance Cost": -1241000.0,
        "Interest Income Non Operating": NaN,
        "Operating Income": NaN,
        "Operating Expense": NaN,
        "Research And Development": NaN,
        "Selling General And Administration": NaN,
        "Selling And Marketing Expense": NaN,
        "General And Administrative Expense": NaN,
        "Other Gand A": NaN,
        "Salaries And Wages": NaN,
        "Gross Profit": NaN,
        "Cost Of Revenue": NaN,
        "Total Revenue": NaN,
        "Operating Revenue": NaN
    },
    "2022-06-30": {
        "Tax Effect Of Unusual Items": 0.0,
        "Tax Rate For Calcs": 0.4,
        "Normalized EBITDA": -28754000.0,
        "Net Income From Continuing Operation Net Minority Interest": -27894000.0,
        "Reconciled Depreciation": 2477000.0,
        "Reconciled Cost Of Revenue": 14090000.0,
        "EBITDA": -28754000.0,
        "EBIT": -31231000.0,
        "Net Interest Income": 551000.0,
        "Interest Income": NaN,
        "Normalized Income": -27894000.0,
        "Net Income From Continuing And Discontinued Operation": -27894000.0,
        "Total Expenses": 91173000.0,
        "Total Operating Income As Reported": -31231000.0,
        "Diluted Average Shares": 84727799.0,
        "Basic Average Shares": 84727799.0,
        "Diluted EPS": -0.33,
        "Basic EPS": -0.33,
        "Diluted NI Availto Com Stockholders": -27894000.0,
        "Net Income Common Stockholders": -27894000.0,
        "Net Income": -27894000.0,
        "Minority Interests": 3265000.0,
        "Net Income Including Noncontrolling Interests": -31159000.0,
        "Net Income Continuous Operations": -31159000.0,
        "Tax Provision": 479000.0,
        "Pretax Income": -30680000.0,
        "Net Non Operating Interest Income Expense": 551000.0,
        "Total Other Finance Cost": -551000.0,
        "Interest Income Non Operating": NaN,
        "Operating Income": -31231000.0,
        "Operating Expense": 77083000.0,
        "Research And Development": 16120000.0,
        "Selling General And Administration": 60963000.0,
        "Selling And Marketing Expense": 43113000.0,
        "General And Administrative Expense": 17850000.0,
        "Other Gand A": 17850000.0,
        "Salaries And Wages": NaN,
        "Gross Profit": 45852000.0,
        "Cost Of Revenue": 14090000.0,
        "Total Revenue": 59942000.0,
        "Operating Revenue": 59942000.0
    },
    "2022-03-31": {
        "Diluted EPS": -0.27,
        "Total Revenue": 57,
        "Gross Profit": 43,
        "Operating Income": -30,
        "EBIT": -28,
        "Net Income": -23
    },
    "2021-12-31": {
        "Diluted EPS": 1.03,
        "Total Revenue": 53,
        "Gross Profit": 40,
        "Operating Income": -29,
        "EBIT": -28,
        "Net Income": -26
    },
    "2021-09-30": {
        "Diluted EPS": -0.27,
        "Total Revenue": 51,
        "Gross Profit": 39,
        "Operating Income": -18,
        "EBIT": -17,
        "Net Income": -23
    },
    "2021-06-30": {
        "Diluted EPS": -0.9,
        "Total Revenue": 47,
        "Gross Profit": 36,
        "Operating Income": -18,
        "EBIT": -17,
        "Net Income": -23
    },
    "2021-03-31": {
        "Diluted EPS": -1.71,
        "Total Revenue": 43,
        "Gross Profit": 32,
        "Operating Income": -13,
        "EBIT": -12,
        "Net Income": -24
    },
    "2020-12-31": {
        "Diluted EPS": -1.31,
        "Total Revenue": 39,
        "Gross Profit": 28,
        "Operating Income": -15,
        "EBIT": -14,
        "Net Income": -18
    },
    "2020-09-30": {
        "Diluted EPS": -1.16,
        "Total Revenue": 39,
        "Gross Profit": 28,
        "Operating Income": -13,
        "EBIT": -12,
        "Net Income": -15
    },
    "2020-06-30": {
        "Diluted EPS": -0.28,
        "Total Revenue": 37,
        "Gross Profit": 28,
        "Operating Income": -4,
        "EBIT": -2,
        "Net Income": -4
    },
    "2020-03-31": {
        "Diluted EPS": -1.32,
        "Total Revenue": 34,
        "Gross Profit": 25,
        "Operating Income": -11,
        "EBIT": -10,
        "Net Income": -17
    },
    "2019-12-31": {
        "Diluted EPS": 0.0,
        "Total Revenue": NaN,
        "Gross Profit": NaN,
        "Operating Income": NaN,
        "EBIT": NaN,
        "Net Income": NaN
    },
    "2023-06-30": {
        "Tax Effect Of Unusual Items": 0.0,
        "Tax Rate For Calcs": 0.23,
        "Normalized EBITDA": -14374000.0,
        "Net Income From Continuing Operation Net Minority Interest": -13604000.0,
        "Reconciled Depreciation": 1468000.0,
        "Reconciled Cost Of Revenue": 11855000.0,
        "EBITDA": -14374000.0,
        "EBIT": -15842000.0,
        "Net Interest Income": 3246000.0,
        "Interest Income": 3246000.0,
        "Normalized Income": -13604000.0,
        "Net Income From Continuing And Discontinued Operation": -13604000.0,
        "Total Expenses": 82000000.0,
        "Total Operating Income As Reported": -15842000.0,
        "Diluted Average Shares": 88604385.0,
        "Basic Average Shares": 88604385.0,
        "Diluted EPS": -0.15,
        "Basic EPS": -0.15,
        "Diluted NI Availto Com Stockholders": -13604000.0,
        "Net Income Common Stockholders": -13604000.0,
        "Net Income": -13604000.0,
        "Minority Interests": 377000.0,
        "Net Income Including Noncontrolling Interests": -13981000.0,
        "Net Income Continuous Operations": -13981000.0,
        "Tax Provision": 1385000.0,
        "Pretax Income": -12596000.0,
        "Net Non Operating Interest Income Expense": 3246000.0,
        "Total Other Finance Cost": NaN,
        "Interest Income Non Operating": 3246000.0,
        "Operating Income": -15842000.0,
        "Operating Expense": 70145000.0,
        "Research And Development": 14212000.0,
        "Selling General And Administration": 55933000.0,
        "Selling And Marketing Expense": 39459000.0,
        "General And Administrative Expense": 16474000.0,
        "Other Gand A": 16474000.0,
        "Salaries And Wages": 8675000.0,
        "Gross Profit": 54303000.0,
        "Cost Of Revenue": 11855000.0,
        "Total Revenue": 66158000.0,
        "Operating Revenue": 66158000.0
    },
    "2023-09-30": {
        "Tax Effect Of Unusual Items": 0.0,
        "Tax Rate For Calcs": 0.23,
        "Normalized EBITDA": -9808000.0,
        "Net Income From Continuing Operation Net Minority Interest": -8762000.0,
        "Reconciled Depreciation": 1760000.0,
        "Reconciled Cost Of Revenue": 10341000.0,
        "EBITDA": -9808000.0,
        "EBIT": -11568000.0,
        "Net Interest Income": 3609000.0,
        "Interest Income": NaN,
        "Normalized Income": -8762000.0,
        "Net Income From Continuing And Discontinued Operation": -8762000.0,
        "Total Expenses": 78583000.0,
        "Total Operating Income As Reported": -11568000.0,
        "Diluted Average Shares": 89374207.0,
        "Basic Average Shares": 89374207.0,
        "Diluted EPS": -0.1,
        "Basic EPS": -0.1,
        "Diluted NI Availto Com Stockholders": -8762000.0,
        "Net Income Common Stockholders": -8762000.0,
        "Net Income": -8762000.0,
        "Minority Interests": 617000.0,
        "Net Income Including Noncontrolling Interests": -9379000.0,
        "Net Income Continuous Operations": -9379000.0,
        "Tax Provision": 1420000.0,
        "Pretax Income": -7959000.0,
        "Net Non Operating Interest Income Expense": 3609000.0,
        "Total Other Finance Cost": -3609000.0,
        "Interest Income Non Operating": NaN,
        "Operating Income": -11568000.0,
        "Operating Expense": 68242000.0,
        "Research And Development": 13259000.0,
        "Selling General And Administration": 54983000.0,
        "Selling And Marketing Expense": 39118000.0,
        "General And Administrative Expense": 15865000.0,
        "Other Gand A": 15865000.0,
        "Salaries And Wages": NaN,
        "Gross Profit": 56674000.0,
        "Cost Of Revenue": 10341000.0,
        "Total Revenue": 67015000.0,
        "Operating Revenue": 67015000.0
    },
    "2023-12-31": {
        "Tax Effect Of Unusual Items": 0.0,
        "Tax Rate For Calcs": 0.23,
        "Normalized EBITDA": -10120000.0,
        "Net Income From Continuing Operation Net Minority Interest": -10647000.0,
        "Reconciled Depreciation": 1574000.0,
        "Reconciled Cost Of Revenue": 9985000.0,
        "EBITDA": -10120000.0,
        "EBIT": -11694000.0,
        "Net Interest Income": 3097000.0,
        "Interest Income": NaN,
        "Normalized Income": -10647000.0,
        "Net Income From Continuing And Discontinued Operation": -10647000.0,
        "Total Expenses": 79583000.0,
        "Total Operating Income As Reported": -11694000.0,
        "Diluted Average Shares": 90344252.0,
        "Basic Average Shares": 90344252.0,
        "Diluted EPS": -0.12,
        "Basic EPS": -0.12,
        "Diluted NI Availto Com Stockholders": -10647000.0,
        "Net Income Common Stockholders": -10647000.0,
        "Net Income": -10647000.0,
        "Minority Interests": -900000.0,
        "Net Income Including Noncontrolling Interests": -9747000.0,
        "Net Income Continuous Operations": -9747000.0,
        "Tax Provision": 1150000.0,
        "Pretax Income": -8597000.0,
        "Net Non Operating Interest Income Expense": 3097000.0,
        "Total Other Finance Cost": -3097000.0,
        "Interest Income Non Operating": NaN,
        "Operating Income": -11694000.0,
        "Operating Expense": 69598000.0,
        "Research And Development": 13364000.0,
        "Selling General And Administration": 56234000.0,
        "Selling And Marketing Expense": 38337000.0,
        "General And Administrative Expense": 17897000.0,
        "Other Gand A": 17897000.0,
        "Salaries And Wages": NaN,
        "Gross Profit": 57904000.0,
        "Cost Of Revenue": 9985000.0,
        "Total Revenue": 67889000.0,
        "Operating Revenue": 67889000.0
    }
}