{
    "2023-03-31": {
        "Tax Effect Of Unusual Items": NaN,
        "Tax Rate For Calcs": NaN,
        "Normalized EBITDA": NaN,
        "Net Income From Continuing Operation Net Minority Interest": NaN,
        "Reconciled Depreciation": NaN,
        "Reconciled Cost Of Revenue": NaN,
        "EBITDA": NaN,
        "EBIT": NaN,
        "Net Interest Income": NaN,
        "Interest Expense": NaN,
        "Normalized Income": NaN,
        "Net Income From Continuing And Discontinued Operation": NaN,
        "Total Expenses": NaN,
        "Total Operating Income As Reported": NaN,
        "Diluted Average Shares": 13470000.0,
        "Basic Average Shares": 13266000.0,
        "Diluted EPS": 0.07,
        "Basic EPS": 0.07,
        "Diluted NI Availto Com Stockholders": NaN,
        "Net Income Common Stockholders": NaN,
        "Net Income": NaN,
        "Net Income Including Noncontrolling Interests": NaN,
        "Net Income Continuous Operations": NaN,
        "Tax Provision": NaN,
        "Pretax Income": NaN,
        "Other Income Expense": NaN,
        "Other Non Operating Income Expenses": NaN,
        "Net Non Operating Interest Income Expense": NaN,
        "Interest Expense Non Operating": NaN,
        "Operating Income": NaN,
        "Operating Expense": NaN,
        "Depreciation Amortization Depletion Income Statement": NaN,
        "Depreciation And Amortization In Income Statement": NaN,
        "Selling General And Administration": NaN,
        "General And Administrative Expense": NaN,
        "Other Gand A": NaN,
        "Salaries And Wages": NaN,
        "Gross Profit": NaN,
        "Cost Of Revenue": NaN,
        "Total Revenue": NaN,
        "Operating Revenue": NaN
    },
    "2022-12-31": {
        "Tax Effect Of Unusual Items": 0.0,
        "Tax Rate For Calcs": 0.21,
        "Normalized EBITDA": 8520000.0,
        "Net Income From Continuing Operation Net Minority Interest": -425000.0,
        "Reconciled Depreciation": 4249000.0,
        "Reconciled Cost Of Revenue": 70149000.0,
        "EBITDA": 8520000.0,
        "EBIT": 4271000.0,
        "Net Interest Income": -2112000.0,
        "Interest Expense": 2112000.0,
        "Normalized Income": -425000.0,
        "Net Income From Continuing And Discontinued Operation": -425000.0,
        "Total Expenses": 108658000.0,
        "Total Operating Income As Reported": 4598000.0,
        "Diluted Average Shares": 13138000.0,
        "Basic Average Shares": 13138000.0,
        "Diluted EPS": -0.03,
        "Basic EPS": -0.03,
        "Diluted NI Availto Com Stockholders": -425000.0,
        "Net Income Common Stockholders": -425000.0,
        "Net Income": -425000.0,
        "Net Income Including Noncontrolling Interests": -425000.0,
        "Net Income Continuous Operations": -425000.0,
        "Tax Provision": 2584000.0,
        "Pretax Income": 2159000.0,
        "Other Income Expense": -327000.0,
        "Other Non Operating Income Expenses": -327000.0,
        "Net Non Operating Interest Income Expense": -2112000.0,
        "Interest Expense Non Operating": 2112000.0,
        "Operating Income": 4598000.0,
        "Operating Expense": 38509000.0,
        "Depreciation Amortization Depletion Income Statement": 4249000.0,
        "Depreciation And Amortization In Income Statement": 4249000.0,
        "Selling General And Administration": 568000.0,
        "General And Administrative Expense": 568000.0,
        "Other Gand A": -22811000.0,
        "Salaries And Wages": 23379000.0,
        "Gross Profit": 43107000.0,
        "Cost Of Revenue": 70149000.0,
        "Total Revenue": 113256000.0,
        "Operating Revenue": 113256000.0
    },
    "2022-09-30": {
        "Tax Effect Of Unusual Items": 0.0,
        "Tax Rate For Calcs": 0.4,
        "Normalized EBITDA": 4390000.0,
        "Net Income From Continuing Operation Net Minority Interest": 76000.0,
        "Reconciled Depreciation": 4405000.0,
        "Reconciled Cost Of Revenue": 83877000.0,
        "EBITDA": 4390000.0,
        "EBIT": -15000.0,
        "Net Interest Income": -1435000.0,
        "Interest Expense": 1435000.0,
        "Normalized Income": 76000.0,
        "Net Income From Continuing And Discontinued Operation": 76000.0,
        "Total Expenses": 122154000.0,
        "Total Operating Income As Reported": -755000.0,
        "Diluted Average Shares": 13360000.0,
        "Basic Average Shares": 13110000.0,
        "Diluted EPS": 0.01,
        "Basic EPS": 0.01,
        "Diluted NI Availto Com Stockholders": 76000.0,
        "Net Income Common Stockholders": 76000.0,
        "Net Income": 76000.0,
        "Net Income Including Noncontrolling Interests": 76000.0,
        "Net Income Continuous Operations": 76000.0,
        "Tax Provision": -1526000.0,
        "Pretax Income": -1450000.0,
        "Other Income Expense": 740000.0,
        "Other Non Operating Income Expenses": 740000.0,
        "Net Non Operating Interest Income Expense": -1435000.0,
        "Interest Expense Non Operating": 1435000.0,
        "Operating Income": -755000.0,
        "Operating Expense": 38277000.0,
        "Depreciation Amortization Depletion Income Statement": 4405000.0,
        "Depreciation And Amortization In Income Statement": 4405000.0,
        "Selling General And Administration": 33872000.0,
        "General And Administrative Expense": 33872000.0,
        "Other Gand A": 11892000.0,
        "Salaries And Wages": 21980000.0,
        "Gross Profit": 37522000.0,
        "Cost Of Revenue": 83877000.0,
        "Total Revenue": 121399000.0,
        "Operating Revenue": 121399000.0
    },
    "2022-06-30": {
        "Tax Effect Of Unusual Items": 0.0,
        "Tax Rate For Calcs": 0.27888,
        "Normalized EBITDA": -543000.0,
        "Net Income From Continuing Operation Net Minority Interest": -4326000.0,
        "Reconciled Depreciation": 4426000.0,
        "Reconciled Cost Of Revenue": 71055000.0,
        "EBITDA": -543000.0,
        "EBIT": -4969000.0,
        "Net Interest Income": -1030000.0,
        "Interest Expense": 1030000.0,
        "Normalized Income": -4326000.0,
        "Net Income From Continuing And Discontinued Operation": -4326000.0,
        "Total Expenses": 107943000.0,
        "Total Operating Income As Reported": -5298000.0,
        "Diluted Average Shares": 13016000.0,
        "Basic Average Shares": 13016000.0,
        "Diluted EPS": -0.33,
        "Basic EPS": -0.33,
        "Diluted NI Availto Com Stockholders": -4326000.0,
        "Net Income Common Stockholders": -4326000.0,
        "Net Income": -4326000.0,
        "Net Income Including Noncontrolling Interests": -4326000.0,
        "Net Income Continuous Operations": -4326000.0,
        "Tax Provision": -1673000.0,
        "Pretax Income": -5999000.0,
        "Other Income Expense": 329000.0,
        "Other Non Operating Income Expenses": 329000.0,
        "Net Non Operating Interest Income Expense": -1030000.0,
        "Interest Expense Non Operating": 1030000.0,
        "Operating Income": -5298000.0,
        "Operating Expense": 36888000.0,
        "Depreciation Amortization Depletion Income Statement": 4426000.0,
        "Depreciation And Amortization In Income Statement": 4426000.0,
        "Selling General And Administration": 32462000.0,
        "General And Administrative Expense": 32462000.0,
        "Other Gand A": 10309000.0,
        "Salaries And Wages": 22153000.0,
        "Gross Profit": 31590000.0,
        "Cost Of Revenue": 71055000.0,
        "Total Revenue": 102645000.0,
        "Operating Revenue": 102645000.0
    },
    "2022-03-31": {
        "Diluted EPS": -0.3,
        "Total Revenue": 92,
        "Gross Profit": 31,
        "Operating Income": -6,
        "EBIT": -1,
        "Net Income": -4
    },
    "2021-12-31": {
        "Diluted EPS": -0.06,
        "Total Revenue": 92,
        "Gross Profit": 35,
        "Operating Income": 1,
        "EBIT": 7,
        "Net Income": -1
    },
    "2021-09-30": {
        "Diluted EPS": 0.06,
        "Total Revenue": 98,
        "Gross Profit": 38,
        "Operating Income": 1,
        "EBIT": 6,
        "Net Income": 1
    },
    "2021-06-30": {
        "Diluted EPS": -0.37,
        "Total Revenue": 84,
        "Gross Profit": 31,
        "Operating Income": -7,
        "EBIT": -2,
        "Net Income": -5
    },
    "2021-03-31": {
        "Diluted EPS": -0.31,
        "Total Revenue": 79,
        "Gross Profit": 32,
        "Operating Income": -4,
        "EBIT": 0,
        "Net Income": -4
    },
    "2020-12-31": {
        "Diluted EPS": -0.3,
        "Total Revenue": 97,
        "Gross Profit": 35,
        "Operating Income": -6,
        "EBIT": 4,
        "Net Income": -4
    },
    "2020-09-30": {
        "Diluted EPS": 0.21,
        "Total Revenue": 105,
        "Gross Profit": 35,
        "Operating Income": 2,
        "EBIT": 6,
        "Net Income": 3
    },
    "2020-06-30": {
        "Diluted EPS": -0.43,
        "Total Revenue": 84,
        "Gross Profit": 30,
        "Operating Income": -4,
        "EBIT": 3,
        "Net Income": -5
    },
    "2020-03-31": {
        "Diluted EPS": -0.71,
        "Total Revenue": 106,
        "Gross Profit": 31,
        "Operating Income": -8,
        "EBIT": -3,
        "Net Income": -8
    },
    "2019-12-31": {
        "Diluted EPS": 0.27,
        "Total Revenue": 129,
        "Gross Profit": 43,
        "Operating Income": 6,
        "EBIT": 10,
        "Net Income": 3
    },
    "2019-09-30": {
        "Diluted EPS": 0.04,
        "Total Revenue": 117,
        "Gross Profit": 35,
        "Operating Income": 1,
        "EBIT": 7,
        "Net Income": 0
    },
    "2019-06-30": {
        "Diluted EPS": 0.14,
        "Total Revenue": 104,
        "Gross Profit": 31,
        "Operating Income": 3,
        "EBIT": 5,
        "Net Income": 2
    },
    "2019-03-31": {
        "Diluted EPS": -0.04,
        "Total Revenue": 92,
        "Gross Profit": 26,
        "Operating Income": 0,
        "EBIT": 3,
        "Net Income": 0
    },
    "2018-12-31": {
        "Diluted EPS": 0.08,
        "Total Revenue": 86,
        "Gross Profit": 27,
        "Operating Income": 2,
        "EBIT": 4,
        "Net Income": 1
    },
    "2018-09-30": {
        "Diluted EPS": 0.35,
        "Total Revenue": 71,
        "Gross Profit": 23,
        "Operating Income": 5,
        "EBIT": 5,
        "Net Income": 3
    },
    "2018-06-30": {
        "Diluted EPS": 0.36,
        "Total Revenue": 60,
        "Gross Profit": 23,
        "Operating Income": 4,
        "EBIT": 6,
        "Net Income": 3
    },
    "2018-03-31": {
        "Diluted EPS": 0.24,
        "Total Revenue": 55,
        "Gross Profit": 20,
        "Operating Income": 2,
        "EBIT": 3,
        "Net Income": 2
    },
    "2017-12-31": {
        "Diluted EPS": 0.35,
        "Total Revenue": 64,
        "Gross Profit": 20,
        "Operating Income": 3,
        "EBIT": 4,
        "Net Income": 3
    },
    "2017-09-30": {
        "Diluted EPS": 0.31,
        "Total Revenue": 69,
        "Gross Profit": 20,
        "Operating Income": 4,
        "EBIT": 6,
        "Net Income": 3
    },
    "2017-06-30": {
        "Diluted EPS": 0.36,
        "Total Revenue": 72,
        "Gross Profit": 19,
        "Operating Income": 5,
        "EBIT": 6,
        "Net Income": 3
    },
    "2017-03-31": {
        "Diluted EPS": 0.3,
        "Total Revenue": 68,
        "Gross Profit": 18,
        "Operating Income": 2,
        "EBIT": 3,
        "Net Income": 3
    },
    "2016-12-31": {
        "Diluted EPS": 0.19,
        "Total Revenue": 57,
        "Gross Profit": 18,
        "Operating Income": 3,
        "EBIT": 4,
        "Net Income": 2
    },
    "2016-09-30": {
        "Diluted EPS": 0.28,
        "Total Revenue": 59,
        "Gross Profit": 16,
        "Operating Income": 3,
        "EBIT": 4,
        "Net Income": 2
    },
    "2016-06-30": {
        "Diluted EPS": 0.37,
        "Total Revenue": 59,
        "Gross Profit": 18,
        "Operating Income": 4,
        "EBIT": 5,
        "Net Income": 3
    },
    "2016-03-31": {
        "Diluted EPS": 0.13,
        "Total Revenue": 34,
        "Gross Profit": 14,
        "Operating Income": 2,
        "EBIT": 2,
        "Net Income": 1
    },
    "2015-12-31": {
        "Diluted EPS": 0.04,
        "Total Revenue": 32,
        "Gross Profit": 13,
        "Operating Income": 0,
        "EBIT": 2,
        "Net Income": 0
    },
    "2015-09-30": {
        "Diluted EPS": 0.1,
        "Total Revenue": 34,
        "Gross Profit": 13,
        "Operating Income": 2,
        "EBIT": 2,
        "Net Income": 1
    },
    "2015-06-30": {
        "Diluted EPS": 0.2,
        "Total Revenue": 37,
        "Gross Profit": 14,
        "Operating Income": 3,
        "EBIT": 3,
        "Net Income": 2
    },
    "2015-03-31": {
        "Diluted EPS": 0.18,
        "Total Revenue": 33,
        "Gross Profit": 13,
        "Operating Income": 3,
        "EBIT": 3,
        "Net Income": 1
    },
    "2014-12-31": {
        "Diluted EPS": 0.27,
        "Total Revenue": 30,
        "Gross Profit": 12,
        "Operating Income": 2,
        "EBIT": 3,
        "Net Income": 2
    },
    "2014-09-30": {
        "Diluted EPS": 0.53,
        "Total Revenue": 28,
        "Gross Profit": 12,
        "Operating Income": 3,
        "EBIT": 3,
        "Net Income": 4
    },
    "2014-06-30": {
        "Diluted EPS": 0.25,
        "Total Revenue": 27,
        "Gross Profit": 11,
        "Operating Income": 2,
        "EBIT": 2,
        "Net Income": 2
    },
    "2014-03-31": {
        "Diluted EPS": 0.17,
        "Total Revenue": 23,
        "Gross Profit": 9,
        "Operating Income": 1,
        "EBIT": 1,
        "Net Income": 1
    },
    "2013-12-31": {
        "Diluted EPS": 0.1,
        "Total Revenue": 22,
        "Gross Profit": 9,
        "Operating Income": 1,
        "EBIT": 1,
        "Net Income": 1
    },
    "2013-09-30": {
        "Diluted EPS": 0.11,
        "Total Revenue": 21,
        "Gross Profit": 9,
        "Operating Income": 1,
        "EBIT": 1,
        "Net Income": 1
    },
    "2013-06-30": {
        "Diluted EPS": 0.09,
        "Total Revenue": 20,
        "Gross Profit": 9,
        "Operating Income": 1,
        "EBIT": 1,
        "Net Income": 1
    },
    "2013-03-31": {
        "Diluted EPS": 0.05,
        "Total Revenue": 21,
        "Gross Profit": 9,
        "Operating Income": 0,
        "EBIT": 1,
        "Net Income": 0
    },
    "2012-12-31": {
        "Diluted EPS": 0.04,
        "Total Revenue": 23,
        "Gross Profit": 10,
        "Operating Income": 1,
        "EBIT": 1,
        "Net Income": 0
    },
    "2012-09-30": {
        "Diluted EPS": 0.11,
        "Total Revenue": 22,
        "Gross Profit": 10,
        "Operating Income": 1,
        "EBIT": 2,
        "Net Income": 1
    },
    "2012-06-30": {
        "Diluted EPS": -2.33,
        "Total Revenue": 23,
        "Gross Profit": 6,
        "Operating Income": -20,
        "EBIT": -4,
        "Net Income": -17
    },
    "2012-03-31": {
        "Diluted EPS": -0.19,
        "Total Revenue": 25,
        "Gross Profit": 8,
        "Operating Income": -2,
        "EBIT": -2,
        "Net Income": -1
    },
    "2011-12-31": {
        "Diluted EPS": -0.11,
        "Total Revenue": 30,
        "Gross Profit": 11,
        "Operating Income": 0,
        "EBIT": 1,
        "Net Income": -1
    },
    "2011-09-30": {
        "Diluted EPS": 0.29,
        "Total Revenue": 29,
        "Gross Profit": 12,
        "Operating Income": 2,
        "EBIT": 3,
        "Net Income": 2
    },
    "2011-06-30": {
        "Diluted EPS": 0.1,
        "Total Revenue": 26,
        "Gross Profit": 10,
        "Operating Income": 1,
        "EBIT": 1,
        "Net Income": 1
    },
    "2011-03-31": {
        "Diluted EPS": -0.04,
        "Total Revenue": 23,
        "Gross Profit": 9,
        "Operating Income": 0,
        "EBIT": 0,
        "Net Income": 0
    },
    "2010-12-31": {
        "Diluted EPS": 0.04,
        "Total Revenue": 20,
        "Gross Profit": 8,
        "Operating Income": 0,
        "EBIT": 0,
        "Net Income": 0
    },
    "2010-09-30": {
        "Diluted EPS": 0.11,
        "Total Revenue": 21,
        "Gross Profit": 9,
        "Operating Income": 1,
        "EBIT": 2,
        "Net Income": 1
    },
    "2010-06-30": {
        "Diluted EPS": 0.17,
        "Total Revenue": 20,
        "Gross Profit": 10,
        "Operating Income": 1,
        "EBIT": 2,
        "Net Income": 1
    },
    "2010-03-31": {
        "Diluted EPS": 0.05,
        "Total Revenue": 17,
        "Gross Profit": 9,
        "Operating Income": 0,
        "EBIT": 1,
        "Net Income": 0
    },
    "2009-12-31": {
        "Diluted EPS": -0.46,
        "Total Revenue": 14,
        "Gross Profit": 8,
        "Operating Income": -2,
        "EBIT": -2,
        "Net Income": -3
    },
    "2009-09-30": {
        "Diluted EPS": -0.12,
        "Total Revenue": 15,
        "Gross Profit": 8,
        "Operating Income": -1,
        "EBIT": -1,
        "Net Income": -1
    },
    "2009-06-30": {
        "Diluted EPS": -0.12,
        "Total Revenue": 15,
        "Gross Profit": 8,
        "Operating Income": -1,
        "EBIT": -1,
        "Net Income": -1
    },
    "2009-03-31": {
        "Diluted EPS": -0.06,
        "Total Revenue": 17,
        "Gross Profit": 9,
        "Operating Income": -1,
        "EBIT": 0,
        "Net Income": 0
    },
    "2023-06-30": {
        "Tax Effect Of Unusual Items": NaN,
        "Tax Rate For Calcs": NaN,
        "Normalized EBITDA": NaN,
        "Net Income From Continuing Operation Net Minority Interest": NaN,
        "Reconciled Depreciation": NaN,
        "Reconciled Cost Of Revenue": NaN,
        "EBITDA": NaN,
        "EBIT": NaN,
        "Net Interest Income": NaN,
        "Interest Expense": NaN,
        "Normalized Income": NaN,
        "Net Income From Continuing And Discontinued Operation": NaN,
        "Total Expenses": NaN,
        "Total Operating Income As Reported": NaN,
        "Diluted Average Shares": 13487000.0,
        "Basic Average Shares": 13344000.0,
        "Diluted EPS": 0.03,
        "Basic EPS": 0.03,
        "Diluted NI Availto Com Stockholders": NaN,
        "Net Income Common Stockholders": NaN,
        "Net Income": NaN,
        "Net Income Including Noncontrolling Interests": NaN,
        "Net Income Continuous Operations": NaN,
        "Tax Provision": NaN,
        "Pretax Income": NaN,
        "Other Income Expense": NaN,
        "Other Non Operating Income Expenses": NaN,
        "Net Non Operating Interest Income Expense": NaN,
        "Interest Expense Non Operating": NaN,
        "Operating Income": NaN,
        "Operating Expense": NaN,
        "Depreciation Amortization Depletion Income Statement": NaN,
        "Depreciation And Amortization In Income Statement": NaN,
        "Selling General And Administration": NaN,
        "General And Administrative Expense": NaN,
        "Other Gand A": NaN,
        "Salaries And Wages": NaN,
        "Gross Profit": NaN,
        "Cost Of Revenue": NaN,
        "Total Revenue": NaN,
        "Operating Revenue": NaN
    },
    "2023-09-30": {
        "Tax Effect Of Unusual Items": 0.0,
        "Tax Rate For Calcs": 0.312857,
        "Normalized EBITDA": 8906000.0,
        "Net Income From Continuing Operation Net Minority Interest": 1566000.0,
        "Reconciled Depreciation": 4190000.0,
        "Reconciled Cost Of Revenue": 89310000.0,
        "EBITDA": 8906000.0,
        "EBIT": 4716000.0,
        "Net Interest Income": -2437000.0,
        "Interest Expense": 2437000.0,
        "Normalized Income": 1566000.0,
        "Net Income From Continuing And Discontinued Operation": 1566000.0,
        "Total Expenses": 128901000.0,
        "Total Operating Income As Reported": 3837000.0,
        "Diluted Average Shares": 13709000.0,
        "Basic Average Shares": 13462000.0,
        "Diluted EPS": 0.11,
        "Basic EPS": 0.12,
        "Diluted NI Availto Com Stockholders": 1566000.0,
        "Net Income Common Stockholders": 1566000.0,
        "Net Income": 1566000.0,
        "Net Income Including Noncontrolling Interests": 1566000.0,
        "Net Income Continuous Operations": 1566000.0,
        "Tax Provision": 713000.0,
        "Pretax Income": 2279000.0,
        "Other Income Expense": 879000.0,
        "Other Non Operating Income Expenses": 879000.0,
        "Net Non Operating Interest Income Expense": -2437000.0,
        "Interest Expense Non Operating": 2437000.0,
        "Operating Income": 3837000.0,
        "Operating Expense": 39591000.0,
        "Depreciation Amortization Depletion Income Statement": 4190000.0,
        "Depreciation And Amortization In Income Statement": 4190000.0,
        "Selling General And Administration": 35401000.0,
        "General And Administrative Expense": 35401000.0,
        "Other Gand A": 10352000.0,
        "Salaries And Wages": 25049000.0,
        "Gross Profit": 43428000.0,
        "Cost Of Revenue": 89310000.0,
        "Total Revenue": 132738000.0,
        "Operating Revenue": 132738000.0
    },
    "2023-12-31": {
        "Tax Effect Of Unusual Items": 0.0,
        "Tax Rate For Calcs": 0.195613,
        "Normalized EBITDA": 16200000.0,
        "Net Income From Continuing Operation Net Minority Interest": 8031000.0,
        "Reconciled Depreciation": 3913000.0,
        "Reconciled Cost Of Revenue": 101252000.0,
        "EBITDA": 16200000.0,
        "EBIT": 12287000.0,
        "Net Interest Income": -2303000.0,
        "Interest Expense": 2303000.0,
        "Normalized Income": 8031000.0,
        "Net Income From Continuing And Discontinued Operation": 8031000.0,
        "Total Expenses": 143928000.0,
        "Total Operating Income As Reported": 11749000.0,
        "Diluted Average Shares": 13731000.0,
        "Basic Average Shares": 13503000.0,
        "Diluted EPS": 0.58,
        "Basic EPS": 0.59,
        "Diluted NI Availto Com Stockholders": 8031000.0,
        "Net Income Common Stockholders": 8031000.0,
        "Net Income": 8031000.0,
        "Net Income Including Noncontrolling Interests": 8031000.0,
        "Net Income Continuous Operations": 8031000.0,
        "Tax Provision": 1953000.0,
        "Pretax Income": 9984000.0,
        "Other Income Expense": 538000.0,
        "Other Non Operating Income Expenses": 538000.0,
        "Net Non Operating Interest Income Expense": -2303000.0,
        "Interest Expense Non Operating": 2303000.0,
        "Operating Income": 11749000.0,
        "Operating Expense": 42676000.0,
        "Depreciation Amortization Depletion Income Statement": 3913000.0,
        "Depreciation And Amortization In Income Statement": 3913000.0,
        "Selling General And Administration": 38763000.0,
        "General And Administrative Expense": 38763000.0,
        "Other Gand A": 10554000.0,
        "Salaries And Wages": 28209000.0,
        "Gross Profit": 54425000.0,
        "Cost Of Revenue": 101252000.0,
        "Total Revenue": 155677000.0,
        "Operating Revenue": 155677000.0
    },
    "2024-03-31": {
        "Tax Effect Of Unusual Items": 0.0,
        "Tax Rate For Calcs": 0.251,
        "Normalized EBITDA": 9657000.0,
        "Net Income From Continuing Operation Net Minority Interest": 2942000.0,
        "Reconciled Depreciation": 3592000.0,
        "Reconciled Cost Of Revenue": 75071000.0,
        "EBITDA": 9657000.0,
        "EBIT": 6065000.0,
        "Net Interest Income": -2137000.0,
        "Interest Expense": 2137000.0,
        "Normalized Income": 2942000.0,
        "Net Income From Continuing And Discontinued Operation": 2942000.0,
        "Total Expenses": 117128000.0,
        "Total Operating Income As Reported": 5361000.0,
        "Diluted Average Shares": 13910000.0,
        "Basic Average Shares": 13605000.0,
        "Diluted EPS": 0.21,
        "Basic EPS": 0.22,
        "Diluted NI Availto Com Stockholders": 2942000.0,
        "Net Income Common Stockholders": 2942000.0,
        "Net Income": 2942000.0,
        "Net Income Including Noncontrolling Interests": 2942000.0,
        "Net Income Continuous Operations": 2942000.0,
        "Tax Provision": 986000.0,
        "Pretax Income": 3928000.0,
        "Other Income Expense": 704000.0,
        "Other Non Operating Income Expenses": 704000.0,
        "Net Non Operating Interest Income Expense": -2137000.0,
        "Interest Expense Non Operating": 2137000.0,
        "Operating Income": 5361000.0,
        "Operating Expense": 42057000.0,
        "Depreciation Amortization Depletion Income Statement": 3592000.0,
        "Depreciation And Amortization In Income Statement": 3592000.0,
        "Selling General And Administration": 38465000.0,
        "General And Administrative Expense": 38465000.0,
        "Other Gand A": 10566000.0,
        "Salaries And Wages": 27899000.0,
        "Gross Profit": 47418000.0,
        "Cost Of Revenue": 75071000.0,
        "Total Revenue": 122489000.0,
        "Operating Revenue": 122489000.0
    },
    "2024-06-30": {
        "Tax Effect Of Unusual Items": 0.0,
        "Tax Rate For Calcs": 0.135,
        "Normalized EBITDA": 10903000.0,
        "Net Income From Continuing Operation Net Minority Interest": 4594000.0,
        "Reconciled Depreciation": 3629000.0,
        "Reconciled Cost Of Revenue": 92192000.0,
        "EBITDA": 10903000.0,
        "EBIT": 7274000.0,
        "Net Interest Income": -1960000.0,
        "Interest Expense": 1960000.0,
        "Normalized Income": 4594000.0,
        "Net Income From Continuing And Discontinued Operation": 4594000.0,
        "Total Expenses": 134548000.0,
        "Total Operating Income As Reported": 6448000.0,
        "Diluted Average Shares": 14074000.0,
        "Basic Average Shares": 13725000.0,
        "Diluted EPS": 0.33,
        "Basic EPS": 0.33,
        "Diluted NI Availto Com Stockholders": 4594000.0,
        "Net Income Common Stockholders": 4594000.0,
        "Net Income": 4594000.0,
        "Net Income Including Noncontrolling Interests": 4594000.0,
        "Net Income Continuous Operations": 4594000.0,
        "Tax Provision": 720000.0,
        "Pretax Income": 5314000.0,
        "Other Income Expense": 826000.0,
        "Other Non Operating Income Expenses": 826000.0,
        "Net Non Operating Interest Income Expense": -1960000.0,
        "Interest Expense Non Operating": 1960000.0,
        "Operating Income": 6448000.0,
        "Operating Expense": 42356000.0,
        "Depreciation Amortization Depletion Income Statement": 3629000.0,
        "Depreciation And Amortization In Income Statement": 3629000.0,
        "Selling General And Administration": 38727000.0,
        "General And Administrative Expense": 38727000.0,
        "Other Gand A": 10718000.0,
        "Salaries And Wages": 28009000.0,
        "Gross Profit": 48804000.0,
        "Cost Of Revenue": 92192000.0,
        "Total Revenue": 140996000.0,
        "Operating Revenue": 140996000.0
    },
    "2024-09-30": {
        "Tax Effect Of Unusual Items": 0.0,
        "Tax Rate For Calcs": 0.020925,
        "Normalized EBITDA": 13153000.0,
        "Net Income From Continuing Operation Net Minority Interest": 7346000.0,
        "Reconciled Depreciation": 3716000.0,
        "Reconciled Cost Of Revenue": 106651000.0,
        "EBITDA": 13153000.0,
        "EBIT": 9437000.0,
        "Net Interest Income": -1934000.0,
        "Interest Expense": 1934000.0,
        "Normalized Income": 7346000.0,
        "Net Income From Continuing And Discontinued Operation": 7346000.0,
        "Total Expenses": 149578000.0,
        "Total Operating Income As Reported": 8674000.0,
        "Diluted Average Shares": NaN,
        "Basic Average Shares": NaN,
        "Diluted EPS": NaN,
        "Basic EPS": NaN,
        "Diluted NI Availto Com Stockholders": 7346000.0,
        "Net Income Common Stockholders": 7346000.0,
        "Net Income": 7346000.0,
        "Net Income Including Noncontrolling Interests": 7346000.0,
        "Net Income Continuous Operations": 7346000.0,
        "Tax Provision": 157000.0,
        "Pretax Income": 7503000.0,
        "Other Income Expense": 763000.0,
        "Other Non Operating Income Expenses": 763000.0,
        "Net Non Operating Interest Income Expense": -1934000.0,
        "Interest Expense Non Operating": 1934000.0,
        "Operating Income": 8674000.0,
        "Operating Expense": 42927000.0,
        "Depreciation Amortization Depletion Income Statement": 3716000.0,
        "Depreciation And Amortization In Income Statement": 3716000.0,
        "Selling General And Administration": 39211000.0,
        "General And Administrative Expense": 39211000.0,
        "Other Gand A": 11315000.0,
        "Salaries And Wages": 27896000.0,
        "Gross Profit": 51601000.0,
        "Cost Of Revenue": 106651000.0,
        "Total Revenue": 158252000.0,
        "Operating Revenue": 158252000.0
    }
}