{
    "2023-03-31": {
        "Tax Effect Of Unusual Items": 0.0,
        "Tax Rate For Calcs": 0.357,
        "Normalized EBITDA": 47775000.0,
        "Total Unusual Items": 0.0,
        "Total Unusual Items Excluding Goodwill": 0.0,
        "Net Income From Continuing Operation Net Minority Interest": 4394000.0,
        "Reconciled Depreciation": 22549000.0,
        "Reconciled Cost Of Revenue": 27048000.0,
        "EBITDA": 47775000.0,
        "EBIT": 25226000.0,
        "Net Interest Income": -18389000.0,
        "Interest Expense": 18389000.0,
        "Normalized Income": 4394000.0,
        "Net Income From Continuing And Discontinued Operation": 4394000.0,
        "Total Expenses": 63148000.0,
        "Total Operating Income As Reported": 7998000.0,
        "Diluted NI Availto Com Stockholders": 3572000.0,
        "Net Income Common Stockholders": 3572000.0,
        "Otherunder Preferred Stock Dividend": 21000.0,
        "Preferred Stock Dividends": 801000.0,
        "Net Income": 4394000.0,
        "Net Income Including Noncontrolling Interests": 4394000.0,
        "Net Income Continuous Operations": 4394000.0,
        "Tax Provision": 2443000.0,
        "Pretax Income": 6837000.0,
        "Other Income Expense": -1161000.0,
        "Special Income Charges": 0.0,
        "Impairment Of Capital Assets": 0.0,
        "Earnings From Equity Interest": -1161000.0,
        "Net Non Operating Interest Income Expense": -18389000.0,
        "Interest Expense Non Operating": 18389000.0,
        "Operating Income": 26387000.0,
        "Operating Expense": 36100000.0,
        "Other Operating Expenses": 2829000.0,
        "Selling General And Administration": 33271000.0,
        "General And Administrative Expense": 33271000.0,
        "Other Gand A": 33271000.0,
        "Gross Profit": 62487000.0,
        "Cost Of Revenue": 27048000.0,
        "Total Revenue": 89535000.0,
        "Operating Revenue": 83683000.0
    },
    "2022-12-31": {
        "Tax Effect Of Unusual Items": 542209.988462,
        "Tax Rate For Calcs": 0.211966,
        "Normalized EBITDA": 55957000.0,
        "Total Unusual Items": 2558000.0,
        "Total Unusual Items Excluding Goodwill": 2558000.0,
        "Net Income From Continuing Operation Net Minority Interest": 14343000.0,
        "Reconciled Depreciation": 22780000.0,
        "Reconciled Cost Of Revenue": 27533000.0,
        "EBITDA": 58515000.0,
        "EBIT": 35735000.0,
        "Net Interest Income": -17534000.0,
        "Interest Expense": 17534000.0,
        "Normalized Income": 12327209.988462,
        "Net Income From Continuing And Discontinued Operation": 14343000.0,
        "Total Expenses": 56436000.0,
        "Total Operating Income As Reported": 16732000.0,
        "Diluted NI Availto Com Stockholders": 13503000.0,
        "Net Income Common Stockholders": 13503000.0,
        "Otherunder Preferred Stock Dividend": 21000.0,
        "Preferred Stock Dividends": 819000.0,
        "Net Income": 14343000.0,
        "Net Income Including Noncontrolling Interests": 14343000.0,
        "Net Income Continuous Operations": 14343000.0,
        "Tax Provision": 3858000.0,
        "Pretax Income": 18201000.0,
        "Other Income Expense": 4027000.0,
        "Special Income Charges": 2558000.0,
        "Impairment Of Capital Assets": 0.0,
        "Earnings From Equity Interest": 1469000.0,
        "Net Non Operating Interest Income Expense": -17534000.0,
        "Interest Expense Non Operating": 17534000.0,
        "Operating Income": 31708000.0,
        "Operating Expense": 28903000.0,
        "Other Operating Expenses": 3193000.0,
        "Selling General And Administration": 25710000.0,
        "General And Administrative Expense": 25710000.0,
        "Other Gand A": 25710000.0,
        "Gross Profit": 60611000.0,
        "Cost Of Revenue": 27533000.0,
        "Total Revenue": 88144000.0,
        "Operating Revenue": 85751000.0
    },
    "2022-09-30": {
        "Tax Effect Of Unusual Items": -154130.876899,
        "Tax Rate For Calcs": 0.235674,
        "Normalized EBITDA": 25317000.0,
        "Total Unusual Items": -654000.0,
        "Total Unusual Items Excluding Goodwill": -654000.0,
        "Net Income From Continuing Operation Net Minority Interest": 6389000.0,
        "Reconciled Depreciation": 22059000.0,
        "Reconciled Cost Of Revenue": 26263000.0,
        "EBITDA": 24663000.0,
        "EBIT": 24663000.0,
        "Net Interest Income": -16304000.0,
        "Interest Expense": 16304000.0,
        "Interest Income": NaN,
        "Normalized Income": 6888869.123101,
        "Net Income From Continuing And Discontinued Operation": 6389000.0,
        "Total Expenses": 51190000.0,
        "Total Operating Income As Reported": 8743000.0,
        "Diluted Average Shares": 6270000.0,
        "Basic Average Shares": 6093000.0,
        "Diluted EPS": 0.89,
        "Basic EPS": 0.91,
        "Diluted NI Availto Com Stockholders": 5549000.0,
        "Net Income Common Stockholders": 5549000.0,
        "Otherunder Preferred Stock Dividend": 21000.0,
        "Preferred Stock Dividends": 819000.0,
        "Net Income": 6389000.0,
        "Net Income Including Noncontrolling Interests": 6389000.0,
        "Net Income Continuous Operations": 6389000.0,
        "Tax Provision": 1970000.0,
        "Pretax Income": 8359000.0,
        "Other Income Expense": -1038000.0,
        "Special Income Charges": -654000.0,
        "Other Special Charges": NaN,
        "Impairment Of Capital Assets": 654000.0,
        "Earnings From Equity Interest": -384000.0,
        "Net Non Operating Interest Income Expense": -16304000.0,
        "Interest Expense Non Operating": 16304000.0,
        "Interest Income Non Operating": NaN,
        "Operating Income": 25701000.0,
        "Operating Expense": 24927000.0,
        "Other Operating Expenses": 2139000.0,
        "Selling General And Administration": 22788000.0,
        "General And Administrative Expense": 22788000.0,
        "Other Gand A": 22788000.0,
        "Gross Profit": 50628000.0,
        "Cost Of Revenue": 26263000.0,
        "Total Revenue": 76891000.0,
        "Operating Revenue": 67839000.0
    },
    "2022-06-30": {
        "Tax Effect Of Unusual Items": -31200.0,
        "Tax Rate For Calcs": 0.4,
        "Normalized EBITDA": 27055000.0,
        "Total Unusual Items": -78000.0,
        "Total Unusual Items Excluding Goodwill": -78000.0,
        "Net Income From Continuing Operation Net Minority Interest": 5908000.0,
        "Reconciled Depreciation": 21612000.0,
        "Reconciled Cost Of Revenue": 28626000.0,
        "EBITDA": 26977000.0,
        "EBIT": 26977000.0,
        "Net Interest Income": -16023000.0,
        "Interest Expense": 16023000.0,
        "Interest Income": NaN,
        "Normalized Income": 5954800.0,
        "Net Income From Continuing And Discontinued Operation": 5908000.0,
        "Total Expenses": 52489000.0,
        "Total Operating Income As Reported": 9485000.0,
        "Diluted Average Shares": 6246000.0,
        "Basic Average Shares": 6129000.0,
        "Diluted EPS": 0.81,
        "Basic EPS": 0.83,
        "Diluted NI Availto Com Stockholders": 5076000.0,
        "Net Income Common Stockholders": 5076000.0,
        "Otherunder Preferred Stock Dividend": 21000.0,
        "Preferred Stock Dividends": 811000.0,
        "Net Income": 5908000.0,
        "Net Income Including Noncontrolling Interests": 5908000.0,
        "Net Income Continuous Operations": 5908000.0,
        "Tax Provision": 5046000.0,
        "Pretax Income": 10954000.0,
        "Other Income Expense": 1391000.0,
        "Special Income Charges": -78000.0,
        "Other Special Charges": NaN,
        "Impairment Of Capital Assets": 78000.0,
        "Earnings From Equity Interest": 1469000.0,
        "Net Non Operating Interest Income Expense": -16023000.0,
        "Interest Expense Non Operating": 16023000.0,
        "Interest Income Non Operating": NaN,
        "Operating Income": 25586000.0,
        "Operating Expense": 23863000.0,
        "Other Operating Expenses": 3436000.0,
        "Selling General And Administration": 20427000.0,
        "General And Administrative Expense": 20427000.0,
        "Other Gand A": 20427000.0,
        "Gross Profit": 49449000.0,
        "Cost Of Revenue": 28626000.0,
        "Total Revenue": 78075000.0,
        "Operating Revenue": 71355000.0
    },
    "2022-03-31": {
        "Diluted EPS": -3.7,
        "Total Revenue": 69,
        "Gross Profit": 64,
        "Operating Income": -25,
        "EBIT": 15,
        "Net Income": -22
    },
    "2021-12-31": {
        "Diluted EPS": 0.16,
        "Total Revenue": 76,
        "Gross Profit": 72,
        "Operating Income": 5,
        "EBIT": 45,
        "Net Income": 1
    },
    "2021-09-30": {
        "Diluted EPS": 0.32,
        "Total Revenue": 71,
        "Gross Profit": 67,
        "Operating Income": 6,
        "EBIT": 47,
        "Net Income": 2
    },
    "2021-06-30": {
        "Diluted EPS": -0.12,
        "Total Revenue": 66,
        "Gross Profit": 63,
        "Operating Income": -1,
        "EBIT": 40,
        "Net Income": -1
    },
    "2021-03-31": {
        "Diluted EPS": -0.36,
        "Total Revenue": 61,
        "Gross Profit": 57,
        "Operating Income": -1,
        "EBIT": 39,
        "Net Income": -2
    },
    "2020-12-31": {
        "Diluted EPS": -0.6,
        "Total Revenue": 61,
        "Gross Profit": 58,
        "Operating Income": -7,
        "EBIT": 33,
        "Net Income": -4
    },
    "2020-09-30": {
        "Diluted EPS": 0.35,
        "Total Revenue": 71,
        "Gross Profit": 66,
        "Operating Income": 5,
        "EBIT": 45,
        "Net Income": 2
    },
    "2020-06-30": {
        "Diluted EPS": 0.74,
        "Total Revenue": 75,
        "Gross Profit": 72,
        "Operating Income": 9,
        "EBIT": 50,
        "Net Income": 5
    },
    "2020-03-31": {
        "Diluted EPS": 0.56,
        "Total Revenue": 82,
        "Gross Profit": 75,
        "Operating Income": 8,
        "EBIT": 49,
        "Net Income": 3
    },
    "2019-12-31": {
        "Diluted EPS": 0.68,
        "Total Revenue": 89,
        "Gross Profit": 74,
        "Operating Income": 4,
        "EBIT": 45,
        "Net Income": 4
    },
    "2019-09-30": {
        "Diluted EPS": 3.81,
        "Total Revenue": 120,
        "Gross Profit": 100,
        "Operating Income": 29,
        "EBIT": 70,
        "Net Income": 23
    },
    "2019-06-30": {
        "Diluted EPS": 2.66,
        "Total Revenue": 96,
        "Gross Profit": 83,
        "Operating Income": 20,
        "EBIT": 59,
        "Net Income": 16
    },
    "2019-03-31": {
        "Diluted EPS": 3.35,
        "Total Revenue": 104,
        "Gross Profit": 89,
        "Operating Income": 27,
        "EBIT": 67,
        "Net Income": 20
    },
    "2018-12-31": {
        "Diluted EPS": 2.87,
        "Total Revenue": 118,
        "Gross Profit": 88,
        "Operating Income": 20,
        "EBIT": 61,
        "Net Income": 17
    },
    "2018-09-30": {
        "Diluted EPS": 1.47,
        "Total Revenue": 81,
        "Gross Profit": 72,
        "Operating Income": 13,
        "EBIT": 52,
        "Net Income": 9
    },
    "2018-06-30": {
        "Diluted EPS": 1.26,
        "Total Revenue": 79,
        "Gross Profit": 68,
        "Operating Income": 11,
        "EBIT": 46,
        "Net Income": 8
    },
    "2018-03-31": {
        "Diluted EPS": 1.0,
        "Total Revenue": 70,
        "Gross Profit": 59,
        "Operating Income": 9,
        "EBIT": 41,
        "Net Income": 6
    },
    "2017-12-31": {
        "Diluted EPS": 6.72,
        "Total Revenue": 63,
        "Gross Profit": 54,
        "Operating Income": 2,
        "EBIT": 33,
        "Net Income": 42
    },
    "2017-09-30": {
        "Diluted EPS": 0.8,
        "Total Revenue": 66,
        "Gross Profit": 59,
        "Operating Income": 5,
        "EBIT": 37,
        "Net Income": 5
    },
    "2017-06-30": {
        "Diluted EPS": 0.92,
        "Total Revenue": 68,
        "Gross Profit": 53,
        "Operating Income": 9,
        "EBIT": 37,
        "Net Income": 6
    },
    "2017-03-31": {
        "Diluted EPS": 1.25,
        "Total Revenue": 78,
        "Gross Profit": 68,
        "Operating Income": 13,
        "EBIT": 41,
        "Net Income": 8
    },
    "2016-12-31": {
        "Diluted EPS": 0.39,
        "Total Revenue": 55,
        "Gross Profit": 50,
        "Operating Income": 4,
        "EBIT": 42,
        "Net Income": 2
    },
    "2016-09-30": {
        "Diluted EPS": 0.62,
        "Total Revenue": 51,
        "Gross Profit": 48,
        "Operating Income": 6,
        "EBIT": 34,
        "Net Income": 4
    },
    "2016-06-30": {
        "Diluted EPS": 0.49,
        "Total Revenue": 50,
        "Gross Profit": 47,
        "Operating Income": 6,
        "EBIT": 33,
        "Net Income": 3
    },
    "2016-03-31": {
        "Diluted EPS": 0.55,
        "Total Revenue": 51,
        "Gross Profit": 49,
        "Operating Income": 7,
        "EBIT": 24,
        "Net Income": 4
    },
    "2015-12-31": {
        "Diluted EPS": 0.26,
        "Total Revenue": 54,
        "Gross Profit": 46,
        "Operating Income": 5,
        "EBIT": 33,
        "Net Income": 2
    },
    "2015-09-30": {
        "Diluted EPS": 0.32,
        "Total Revenue": 58,
        "Gross Profit": 52,
        "Operating Income": 4,
        "EBIT": 32,
        "Net Income": 3
    },
    "2015-06-30": {
        "Diluted EPS": -0.06,
        "Total Revenue": 44,
        "Gross Profit": 41,
        "Operating Income": -1,
        "EBIT": 27,
        "Net Income": 0
    },
    "2015-03-31": {
        "Diluted EPS": 0.29,
        "Total Revenue": 43,
        "Gross Profit": 41,
        "Operating Income": 3,
        "EBIT": 32,
        "Net Income": 2
    },
    "2014-12-31": {
        "Diluted EPS": -0.04,
        "Total Revenue": 41,
        "Gross Profit": 40,
        "Operating Income": -1,
        "EBIT": 26,
        "Net Income": 0
    },
    "2014-09-30": {
        "Diluted EPS": 0.12,
        "Total Revenue": 46,
        "Gross Profit": 41,
        "Operating Income": 2,
        "EBIT": 29,
        "Net Income": 1
    },
    "2014-06-30": {
        "Diluted EPS": 0.27,
        "Total Revenue": 44,
        "Gross Profit": 42,
        "Operating Income": 3,
        "EBIT": 29,
        "Net Income": 2
    },
    "2014-03-31": {
        "Diluted EPS": 0.53,
        "Total Revenue": 43,
        "Gross Profit": 43,
        "Operating Income": 6,
        "EBIT": 32,
        "Net Income": 4
    },
    "2013-12-31": {
        "Diluted EPS": 0.8,
        "Total Revenue": 47,
        "Gross Profit": 47,
        "Operating Income": 10,
        "EBIT": 26,
        "Net Income": 7
    },
    "2013-09-30": {
        "Diluted EPS": -0.27,
        "Total Revenue": 38,
        "Gross Profit": 38,
        "Operating Income": -3,
        "EBIT": 13,
        "Net Income": -2
    },
    "2013-06-30": {
        "Diluted EPS": 1.17,
        "Total Revenue": 38,
        "Gross Profit": 38,
        "Operating Income": -1,
        "EBIT": 14,
        "Net Income": 10
    },
    "2013-03-31": {
        "Diluted EPS": 0.19,
        "Total Revenue": 35,
        "Gross Profit": 35,
        "Operating Income": 3,
        "EBIT": 17,
        "Net Income": 2
    },
    "2012-12-31": {
        "Diluted EPS": -0.1,
        "Total Revenue": 40,
        "Gross Profit": 40,
        "Operating Income": 2,
        "EBIT": 26,
        "Net Income": -1
    },
    "2012-09-30": {
        "Diluted EPS": -0.9,
        "Total Revenue": 38,
        "Gross Profit": 38,
        "Operating Income": -11,
        "EBIT": 11,
        "Net Income": -8
    },
    "2012-06-30": {
        "Diluted EPS": 0.28,
        "Total Revenue": 35,
        "Gross Profit": 35,
        "Operating Income": 5,
        "EBIT": 25,
        "Net Income": 2
    },
    "2012-03-31": {
        "Diluted EPS": 0.29,
        "Total Revenue": 36,
        "Gross Profit": 36,
        "Operating Income": 5,
        "EBIT": 26,
        "Net Income": 3
    },
    "2011-12-31": {
        "Diluted EPS": 0.33,
        "Total Revenue": 38,
        "Gross Profit": 38,
        "Operating Income": 38,
        "EBIT": 52,
        "Net Income": 3
    },
    "2011-09-30": {
        "Diluted EPS": 0.17,
        "Total Revenue": 39,
        "Gross Profit": 39,
        "Operating Income": 6,
        "EBIT": 29,
        "Net Income": 2
    },
    "2011-06-30": {
        "Diluted EPS": 0.31,
        "Total Revenue": 39,
        "Gross Profit": 39,
        "Operating Income": 6,
        "EBIT": 29,
        "Net Income": 3
    },
    "2011-03-31": {
        "Diluted EPS": 0.47,
        "Total Revenue": 41,
        "Gross Profit": 41,
        "Operating Income": 8,
        "EBIT": 32,
        "Net Income": 4
    },
    "2010-12-31": {
        "Diluted EPS": 0.35,
        "Total Revenue": 40,
        "Gross Profit": 40,
        "Operating Income": 6,
        "EBIT": 31,
        "Net Income": 3
    },
    "2010-09-30": {
        "Diluted EPS": 0.25,
        "Total Revenue": 40,
        "Gross Profit": 40,
        "Operating Income": 5,
        "EBIT": 31,
        "Net Income": 2
    },
    "2010-06-30": {
        "Diluted EPS": 0.12,
        "Total Revenue": 33,
        "Gross Profit": 33,
        "Operating Income": 3,
        "EBIT": 27,
        "Net Income": 1
    },
    "2010-03-31": {
        "Diluted EPS": 0.24,
        "Total Revenue": 36,
        "Gross Profit": 36,
        "Operating Income": 5,
        "EBIT": 29,
        "Net Income": 2
    },
    "2009-12-31": {
        "Diluted EPS": 0.03,
        "Total Revenue": 39,
        "Gross Profit": 39,
        "Operating Income": 5,
        "EBIT": 28,
        "Net Income": 0
    },
    "2009-09-30": {
        "Diluted EPS": 0.93,
        "Total Revenue": 44,
        "Gross Profit": 44,
        "Operating Income": 11,
        "EBIT": 33,
        "Net Income": 9
    },
    "2009-06-30": {
        "Diluted EPS": 0.47,
        "Total Revenue": 33,
        "Gross Profit": 33,
        "Operating Income": 8,
        "EBIT": 28,
        "Net Income": 4
    },
    "2009-03-31": {
        "Diluted EPS": 0.71,
        "Total Revenue": 35,
        "Gross Profit": 35,
        "Operating Income": 8,
        "EBIT": 28,
        "Net Income": 6
    },
    "2023-06-30": {
        "Tax Effect Of Unusual Items": -454512.0,
        "Tax Rate For Calcs": 0.272,
        "Normalized EBITDA": 62218000.0,
        "Total Unusual Items": -1671000.0,
        "Total Unusual Items Excluding Goodwill": -1671000.0,
        "Net Income From Continuing Operation Net Minority Interest": 13816000.0,
        "Reconciled Depreciation": 22494000.0,
        "Reconciled Cost Of Revenue": 25552000.0,
        "EBITDA": 60547000.0,
        "EBIT": 38053000.0,
        "Net Interest Income": -19085000.0,
        "Interest Expense": 19085000.0,
        "Normalized Income": 15032488.0,
        "Net Income From Continuing And Discontinued Operation": 13816000.0,
        "Total Expenses": 68798000.0,
        "Total Operating Income As Reported": 19442000.0,
        "Diluted NI Availto Com Stockholders": 12984000.0,
        "Net Income Common Stockholders": 12984000.0,
        "Otherunder Preferred Stock Dividend": 21000.0,
        "Preferred Stock Dividends": 811000.0,
        "Net Income": 13816000.0,
        "Net Income Including Noncontrolling Interests": 13816000.0,
        "Net Income Continuous Operations": 13816000.0,
        "Tax Provision": 5152000.0,
        "Pretax Income": 18968000.0,
        "Other Income Expense": -2145000.0,
        "Special Income Charges": -1671000.0,
        "Impairment Of Capital Assets": 1671000.0,
        "Earnings From Equity Interest": -474000.0,
        "Net Non Operating Interest Income Expense": -19085000.0,
        "Interest Expense Non Operating": 19085000.0,
        "Operating Income": 40198000.0,
        "Operating Expense": 43246000.0,
        "Other Operating Expenses": 4919000.0,
        "Selling General And Administration": 38327000.0,
        "General And Administrative Expense": 38327000.0,
        "Other Gand A": 38327000.0,
        "Gross Profit": 83444000.0,
        "Cost Of Revenue": 25552000.0,
        "Total Revenue": 108996000.0,
        "Operating Revenue": 101100000.0
    },
    "2023-09-30": {
        "Tax Effect Of Unusual Items": -202039.0,
        "Tax Rate For Calcs": 0.281,
        "Normalized EBITDA": 63203000.0,
        "Total Unusual Items": -719000.0,
        "Total Unusual Items Excluding Goodwill": -719000.0,
        "Net Income From Continuing Operation Net Minority Interest": 14618000.0,
        "Reconciled Depreciation": 23088000.0,
        "Reconciled Cost Of Revenue": 25112000.0,
        "EBITDA": 62484000.0,
        "EBIT": 39396000.0,
        "Net Interest Income": -19052000.0,
        "Interest Expense": 19052000.0,
        "Normalized Income": 15134961.0,
        "Net Income From Continuing And Discontinued Operation": 14618000.0,
        "Total Expenses": 65976000.0,
        "Total Operating Income As Reported": 19998000.0,
        "Diluted NI Availto Com Stockholders": 13778000.0,
        "Net Income Common Stockholders": 13778000.0,
        "Otherunder Preferred Stock Dividend": 21000.0,
        "Preferred Stock Dividends": 819000.0,
        "Net Income": 14618000.0,
        "Net Income Including Noncontrolling Interests": 14618000.0,
        "Net Income Continuous Operations": 14618000.0,
        "Tax Provision": 5726000.0,
        "Pretax Income": 20344000.0,
        "Other Income Expense": -373000.0,
        "Special Income Charges": -719000.0,
        "Impairment Of Capital Assets": 719000.0,
        "Earnings From Equity Interest": 346000.0,
        "Net Non Operating Interest Income Expense": -19052000.0,
        "Interest Expense Non Operating": 19052000.0,
        "Operating Income": 39769000.0,
        "Operating Expense": 40864000.0,
        "Other Operating Expenses": 6871000.0,
        "Selling General And Administration": 33993000.0,
        "General And Administrative Expense": 33993000.0,
        "Other Gand A": 33993000.0,
        "Gross Profit": 80633000.0,
        "Cost Of Revenue": 25112000.0,
        "Total Revenue": 105745000.0,
        "Operating Revenue": 97507000.0
    }
}