{
    "2023-04-30": {
        "Tax Effect Of Unusual Items": NaN,
        "Tax Rate For Calcs": NaN,
        "Normalized EBITDA": NaN,
        "Total Unusual Items": NaN,
        "Total Unusual Items Excluding Goodwill": NaN,
        "Net Income From Continuing Operation Net Minority Interest": NaN,
        "Reconciled Depreciation": NaN,
        "Reconciled Cost Of Revenue": NaN,
        "EBITDA": NaN,
        "EBIT": NaN,
        "Net Interest Income": NaN,
        "Interest Expense": NaN,
        "Normalized Income": NaN,
        "Net Income From Continuing And Discontinued Operation": NaN,
        "Total Expenses": NaN,
        "Total Operating Income As Reported": NaN,
        "Diluted Average Shares": 56137000.0,
        "Basic Average Shares": 55355000.0,
        "Diluted EPS": 1.22,
        "Basic EPS": 1.23,
        "Diluted NI Availto Com Stockholders": NaN,
        "Net Income Common Stockholders": NaN,
        "Net Income": NaN,
        "Net Income Including Noncontrolling Interests": NaN,
        "Net Income Continuous Operations": NaN,
        "Tax Provision": NaN,
        "Pretax Income": NaN,
        "Other Income Expense": NaN,
        "Other Non Operating Income Expenses": NaN,
        "Special Income Charges": NaN,
        "Gain On Sale Of Ppe": NaN,
        "Gain On Sale Of Business": NaN,
        "Impairment Of Capital Assets": NaN,
        "Restructuring And Mergern Acquisition": NaN,
        "Gain On Sale Of Security": NaN,
        "Net Non Operating Interest Income Expense": NaN,
        "Interest Expense Non Operating": NaN,
        "Operating Income": NaN,
        "Operating Expense": NaN,
        "Other Operating Expenses": 245821000.0,
        "Depreciation Amortization Depletion Income Statement": NaN,
        "Depreciation And Amortization In Income Statement": NaN,
        "Amortization": NaN,
        "Amortization Of Intangibles Income Statement": NaN,
        "Selling General And Administration": 245821000.0,
        "General And Administrative Expense": 245821000.0,
        "Other Gand A": 245821000.0,
        "Gross Profit": NaN,
        "Cost Of Revenue": NaN,
        "Total Revenue": NaN,
        "Operating Revenue": NaN
    },
    "2023-01-31": {
        "Tax Effect Of Unusual Items": NaN,
        "Tax Rate For Calcs": NaN,
        "Normalized EBITDA": NaN,
        "Total Unusual Items": NaN,
        "Total Unusual Items Excluding Goodwill": NaN,
        "Net Income From Continuing Operation Net Minority Interest": NaN,
        "Reconciled Depreciation": NaN,
        "Reconciled Cost Of Revenue": NaN,
        "EBITDA": NaN,
        "EBIT": NaN,
        "Net Interest Income": NaN,
        "Interest Expense": NaN,
        "Normalized Income": NaN,
        "Net Income From Continuing And Discontinued Operation": NaN,
        "Total Expenses": NaN,
        "Total Operating Income As Reported": NaN,
        "Diluted Average Shares": NaN,
        "Basic Average Shares": NaN,
        "Diluted EPS": NaN,
        "Basic EPS": NaN,
        "Diluted NI Availto Com Stockholders": NaN,
        "Net Income Common Stockholders": NaN,
        "Net Income": NaN,
        "Net Income Including Noncontrolling Interests": NaN,
        "Net Income Continuous Operations": NaN,
        "Tax Provision": NaN,
        "Pretax Income": NaN,
        "Other Income Expense": NaN,
        "Other Non Operating Income Expenses": NaN,
        "Special Income Charges": NaN,
        "Gain On Sale Of Ppe": 0.0,
        "Gain On Sale Of Business": 0.0,
        "Impairment Of Capital Assets": NaN,
        "Restructuring And Mergern Acquisition": NaN,
        "Gain On Sale Of Security": NaN,
        "Net Non Operating Interest Income Expense": NaN,
        "Interest Expense Non Operating": NaN,
        "Operating Income": NaN,
        "Operating Expense": NaN,
        "Other Operating Expenses": 255798000.0,
        "Depreciation Amortization Depletion Income Statement": NaN,
        "Depreciation And Amortization In Income Statement": NaN,
        "Amortization": NaN,
        "Amortization Of Intangibles Income Statement": NaN,
        "Selling General And Administration": 255798000.0,
        "General And Administrative Expense": 255798000.0,
        "Other Gand A": 255798000.0,
        "Gross Profit": NaN,
        "Cost Of Revenue": NaN,
        "Total Revenue": NaN,
        "Operating Revenue": NaN
    },
    "2022-10-31": {
        "Tax Effect Of Unusual Items": NaN,
        "Tax Rate For Calcs": NaN,
        "Normalized EBITDA": NaN,
        "Total Unusual Items": NaN,
        "Total Unusual Items Excluding Goodwill": NaN,
        "Net Income From Continuing Operation Net Minority Interest": NaN,
        "Reconciled Depreciation": NaN,
        "Reconciled Cost Of Revenue": NaN,
        "EBITDA": NaN,
        "EBIT": NaN,
        "Net Interest Income": NaN,
        "Interest Expense": NaN,
        "Normalized Income": NaN,
        "Net Income From Continuing And Discontinued Operation": NaN,
        "Total Expenses": NaN,
        "Total Operating Income As Reported": NaN,
        "Diluted Average Shares": NaN,
        "Basic Average Shares": NaN,
        "Diluted EPS": NaN,
        "Basic EPS": NaN,
        "Diluted NI Availto Com Stockholders": NaN,
        "Net Income Common Stockholders": NaN,
        "Net Income": NaN,
        "Net Income Including Noncontrolling Interests": NaN,
        "Net Income Continuous Operations": NaN,
        "Tax Provision": NaN,
        "Pretax Income": NaN,
        "Other Income Expense": NaN,
        "Other Non Operating Income Expenses": NaN,
        "Special Income Charges": NaN,
        "Gain On Sale Of Ppe": 0.0,
        "Gain On Sale Of Business": NaN,
        "Impairment Of Capital Assets": NaN,
        "Restructuring And Mergern Acquisition": NaN,
        "Gain On Sale Of Security": NaN,
        "Net Non Operating Interest Income Expense": NaN,
        "Interest Expense Non Operating": NaN,
        "Operating Income": NaN,
        "Operating Expense": NaN,
        "Other Operating Expenses": 253029000.0,
        "Depreciation Amortization Depletion Income Statement": NaN,
        "Depreciation And Amortization In Income Statement": NaN,
        "Amortization": NaN,
        "Amortization Of Intangibles Income Statement": NaN,
        "Selling General And Administration": NaN,
        "General And Administrative Expense": NaN,
        "Other Gand A": NaN,
        "Gross Profit": NaN,
        "Cost Of Revenue": NaN,
        "Total Revenue": NaN,
        "Operating Revenue": NaN
    },
    "2022-07-31": {
        "Tax Effect Of Unusual Items": -5464509.0,
        "Tax Rate For Calcs": 0.237,
        "Normalized EBITDA": 64281000.0,
        "Total Unusual Items": -23057000.0,
        "Total Unusual Items Excluding Goodwill": -23057000.0,
        "Net Income From Continuing Operation Net Minority Interest": -17835000.0,
        "Reconciled Depreciation": 58279000.0,
        "Reconciled Cost Of Revenue": 141063000.0,
        "EBITDA": 41224000.0,
        "EBIT": -17055000.0,
        "Net Interest Income": -6332000.0,
        "Interest Expense": 6332000.0,
        "Normalized Income": -242509.0,
        "Net Income From Continuing And Discontinued Operation": -17835000.0,
        "Total Expenses": 482093000.0,
        "Total Operating Income As Reported": -16965000.0,
        "Diluted Average Shares": 55736000.0,
        "Basic Average Shares": 55736000.0,
        "Diluted EPS": -0.32,
        "Basic EPS": -0.32,
        "Diluted NI Availto Com Stockholders": -17835000.0,
        "Net Income Common Stockholders": -17835000.0,
        "Net Income": -17835000.0,
        "Net Income Including Noncontrolling Interests": -17835000.0,
        "Net Income Continuous Operations": -17835000.0,
        "Tax Provision": -5552000.0,
        "Pretax Income": -23387000.0,
        "Other Income Expense": -22531000.0,
        "Other Non Operating Income Expenses": 526000.0,
        "Special Income Charges": -22441000.0,
        "Gain On Sale Of Ppe": 0.0,
        "Write Off": NaN,
        "Impairment Of Capital Assets": NaN,
        "Restructuring And Mergern Acquisition": 22441000.0,
        "Gain On Sale Of Security": -616000.0,
        "Net Non Operating Interest Income Expense": -6332000.0,
        "Interest Expense Non Operating": 6332000.0,
        "Operating Income": 5476000.0,
        "Operating Expense": 308062000.0,
        "Other Operating Expenses": 282751000.0,
        "Depreciation Amortization Depletion Income Statement": 25311000.0,
        "Depreciation And Amortization In Income Statement": 25311000.0,
        "Amortization": 25311000.0,
        "Amortization Of Intangibles Income Statement": 25311000.0,
        "Selling General And Administration": 282751000.0,
        "General And Administrative Expense": 282751000.0,
        "Other Gand A": 282751000.0,
        "Gross Profit": 313538000.0,
        "Cost Of Revenue": 174031000.0,
        "Total Revenue": 487569000.0,
        "Operating Revenue": 487569000.0
    },
    "2022-04-30": {
        "Diluted EPS": 0.76,
        "Total Revenue": 546,
        "Gross Profit": 359,
        "Operating Income": 58,
        "EBIT": 111,
        "Net Income": 43
    },
    "2022-01-31": {
        "Diluted EPS": 0.63,
        "Total Revenue": 516,
        "Gross Profit": 343,
        "Operating Income": 46,
        "EBIT": 99,
        "Net Income": 35
    },
    "2021-10-31": {
        "Diluted EPS": 0.99,
        "Total Revenue": 533,
        "Gross Profit": 358,
        "Operating Income": 74,
        "EBIT": 128,
        "Net Income": 56
    },
    "2021-07-31": {
        "Diluted EPS": 0.24,
        "Total Revenue": 488,
        "Gross Profit": 322,
        "Operating Income": 41,
        "EBIT": 96,
        "Net Income": 14
    },
    "2021-04-30": {
        "Diluted EPS": 0.73,
        "Total Revenue": 536,
        "Gross Profit": 368,
        "Operating Income": 51,
        "EBIT": 104,
        "Net Income": 41
    },
    "2021-01-31": {
        "Diluted EPS": 0.39,
        "Total Revenue": 483,
        "Gross Profit": 325,
        "Operating Income": 34,
        "EBIT": 84,
        "Net Income": 22
    },
    "2020-10-31": {
        "Diluted EPS": 1.22,
        "Total Revenue": 491,
        "Gross Profit": 336,
        "Operating Income": 70,
        "EBIT": 118,
        "Net Income": 68
    },
    "2020-07-31": {
        "Diluted EPS": 0.29,
        "Total Revenue": 431,
        "Gross Profit": 287,
        "Operating Income": 30,
        "EBIT": 80,
        "Net Income": 16
    },
    "2020-04-30": {
        "Diluted EPS": -2.8,
        "Total Revenue": 475,
        "Gross Profit": 324,
        "Operating Income": -171,
        "EBIT": -124,
        "Net Income": -158
    },
    "2020-01-31": {
        "Diluted EPS": 0.63,
        "Total Revenue": 467,
        "Gross Profit": 313,
        "Operating Income": 48,
        "EBIT": 92,
        "Net Income": 35
    },
    "2019-10-31": {
        "Diluted EPS": 0.79,
        "Total Revenue": 466,
        "Gross Profit": 323,
        "Operating Income": 63,
        "EBIT": 106,
        "Net Income": 45
    },
    "2019-07-31": {
        "Diluted EPS": 0.06,
        "Total Revenue": 424,
        "Gross Profit": 280,
        "Operating Income": 5,
        "EBIT": 47,
        "Net Income": 4
    },
    "2019-04-30": {
        "Diluted EPS": 1.09,
        "Total Revenue": 491,
        "Gross Profit": 341,
        "Operating Income": 80,
        "EBIT": 122,
        "Net Income": 63
    },
    "2019-01-31": {
        "Diluted EPS": 0.61,
        "Total Revenue": 449,
        "Gross Profit": 305,
        "Operating Income": 50,
        "EBIT": 90,
        "Net Income": 35
    },
    "2018-10-31": {
        "Diluted EPS": 0.76,
        "Total Revenue": 449,
        "Gross Profit": 316,
        "Operating Income": 57,
        "EBIT": 97,
        "Net Income": 44
    },
    "2018-07-31": {
        "Diluted EPS": 0.45,
        "Total Revenue": 411,
        "Gross Profit": 283,
        "Operating Income": 36,
        "EBIT": 76,
        "Net Income": 26
    },
    "2018-04-30": {
        "Diluted EPS": 0.93,
        "Total Revenue": 477,
        "Gross Profit": 317,
        "Operating Income": 73,
        "EBIT": 112,
        "Net Income": 54
    },
    "2018-01-31": {
        "Diluted EPS": 1.19,
        "Total Revenue": 456,
        "Gross Profit": 319,
        "Operating Income": 65,
        "EBIT": 101,
        "Net Income": 69
    },
    "2017-10-31": {
        "Diluted EPS": 1.04,
        "Total Revenue": 452,
        "Gross Profit": 332,
        "Operating Income": 81,
        "EBIT": 119,
        "Net Income": 60
    },
    "2017-07-31": {
        "Diluted EPS": 0.16,
        "Total Revenue": 411,
        "Gross Profit": 297,
        "Operating Income": 13,
        "EBIT": 53,
        "Net Income": 9
    },
    "2017-04-30": {
        "Diluted EPS": 0.8,
        "Total Revenue": 452,
        "Gross Profit": 293,
        "Operating Income": 69,
        "EBIT": 108,
        "Net Income": 47
    },
    "2017-01-31": {
        "Diluted EPS": 0.82,
        "Total Revenue": 436,
        "Gross Profit": 320,
        "Operating Income": 51,
        "EBIT": 91,
        "Net Income": 47
    },
    "2016-10-31": {
        "Diluted EPS": -0.2,
        "Total Revenue": 426,
        "Gross Profit": 314,
        "Operating Income": 48,
        "EBIT": 86,
        "Net Income": -11
    },
    "2016-07-31": {
        "Diluted EPS": 0.53,
        "Total Revenue": 404,
        "Gross Profit": 291,
        "Operating Income": 44,
        "EBIT": 83,
        "Net Income": 31
    },
    "2016-04-30": {
        "Diluted EPS": 0.58,
        "Total Revenue": 434,
        "Gross Profit": 325,
        "Operating Income": 43,
        "EBIT": 81,
        "Net Income": 34
    },
    "2016-01-31": {
        "Diluted EPS": 0.61,
        "Total Revenue": 436,
        "Gross Profit": 316,
        "Operating Income": 40,
        "EBIT": 80,
        "Net Income": 36
    },
    "2015-10-31": {
        "Diluted EPS": 0.74,
        "Total Revenue": 433,
        "Gross Profit": 317,
        "Operating Income": 60,
        "EBIT": 100,
        "Net Income": 44
    },
    "2015-07-31": {
        "Diluted EPS": 0.55,
        "Total Revenue": 423,
        "Gross Profit": 303,
        "Operating Income": 45,
        "EBIT": 83,
        "Net Income": 32
    },
    "2015-04-30": {
        "Diluted EPS": 0.79,
        "Total Revenue": 442,
        "Gross Profit": 325,
        "Operating Income": 58,
        "EBIT": 96,
        "Net Income": 47
    },
    "2015-01-31": {
        "Diluted EPS": 0.72,
        "Total Revenue": 466,
        "Gross Profit": 342,
        "Operating Income": 54,
        "EBIT": 93,
        "Net Income": 43
    },
    "2014-10-31": {
        "Diluted EPS": 0.9,
        "Total Revenue": 477,
        "Gross Profit": 342,
        "Operating Income": 76,
        "EBIT": 115,
        "Net Income": 54
    },
    "2014-07-31": {
        "Diluted EPS": 0.56,
        "Total Revenue": 438,
        "Gross Profit": 314,
        "Operating Income": 50,
        "EBIT": 87,
        "Net Income": 34
    },
    "2014-04-30": {
        "Diluted EPS": 0.6,
        "Total Revenue": 457,
        "Gross Profit": 331,
        "Operating Income": 48,
        "EBIT": 85,
        "Net Income": 36
    },
    "2014-01-31": {
        "Diluted EPS": 0.88,
        "Total Revenue": 458,
        "Gross Profit": 327,
        "Operating Income": 73,
        "EBIT": 110,
        "Net Income": 52
    },
    "2013-10-31": {
        "Diluted EPS": 0.61,
        "Total Revenue": 449,
        "Gross Profit": 319,
        "Operating Income": 50,
        "EBIT": 87,
        "Net Income": 36
    },
    "2013-07-31": {
        "Diluted EPS": 0.61,
        "Total Revenue": 411,
        "Gross Profit": 291,
        "Operating Income": 36,
        "EBIT": 72,
        "Net Income": 36
    },
    "2013-04-30": {
        "Diluted EPS": 0.13,
        "Total Revenue": 446,
        "Gross Profit": 312,
        "Operating Income": 14,
        "EBIT": 53,
        "Net Income": 8
    },
    "2013-01-31": {
        "Diluted EPS": 0.95,
        "Total Revenue": 472,
        "Gross Profit": 331,
        "Operating Income": 84,
        "EBIT": 123,
        "Net Income": 57
    },
    "2012-10-31": {
        "Diluted EPS": 0.71,
        "Total Revenue": 432,
        "Gross Profit": 302,
        "Operating Income": 63,
        "EBIT": 98,
        "Net Income": 43
    },
    "2012-07-31": {
        "Diluted EPS": 0.6,
        "Total Revenue": 411,
        "Gross Profit": 283,
        "Operating Income": 39,
        "EBIT": 75,
        "Net Income": 36
    },
    "2012-04-30": {
        "Diluted EPS": 0.79,
        "Total Revenue": 455,
        "Gross Profit": 316,
        "Operating Income": 70,
        "EBIT": 107,
        "Net Income": 48
    },
    "2012-01-31": {
        "Diluted EPS": 1.03,
        "Total Revenue": 451,
        "Gross Profit": 309,
        "Operating Income": 78,
        "EBIT": 113,
        "Net Income": 63
    },
    "2011-10-31": {
        "Diluted EPS": 0.83,
        "Total Revenue": 447,
        "Gross Profit": 314,
        "Operating Income": 72,
        "EBIT": 105,
        "Net Income": 51
    },
    "2011-07-31": {
        "Diluted EPS": 0.82,
        "Total Revenue": 430,
        "Gross Profit": 300,
        "Operating Income": 60,
        "EBIT": 93,
        "Net Income": 51
    },
    "2011-04-30": {
        "Diluted EPS": 0.46,
        "Total Revenue": 445,
        "Gross Profit": 309,
        "Operating Income": 38,
        "EBIT": 73,
        "Net Income": 29
    },
    "2011-01-31": {
        "Diluted EPS": 0.74,
        "Total Revenue": 448,
        "Gross Profit": 310,
        "Operating Income": 70,
        "EBIT": 103,
        "Net Income": 46
    },
    "2010-10-31": {
        "Diluted EPS": 0.88,
        "Total Revenue": 442,
        "Gross Profit": 302,
        "Operating Income": 78,
        "EBIT": 110,
        "Net Income": 54
    },
    "2010-07-31": {
        "Diluted EPS": 0.72,
        "Total Revenue": 408,
        "Gross Profit": 283,
        "Operating Income": 63,
        "EBIT": 94,
        "Net Income": 44
    },
    "2010-04-30": {
        "Diluted EPS": 0.47,
        "Total Revenue": 436,
        "Gross Profit": 295,
        "Operating Income": 43,
        "EBIT": 75,
        "Net Income": 28
    },
    "2010-01-31": {
        "Diluted EPS": 0.71,
        "Total Revenue": 427,
        "Gross Profit": 294,
        "Operating Income": 68,
        "EBIT": 99,
        "Net Income": 42
    },
    "2009-10-31": {
        "Diluted EPS": 0.78,
        "Total Revenue": 448,
        "Gross Profit": 309,
        "Operating Income": 75,
        "EBIT": 105,
        "Net Income": 46
    },
    "2009-07-31": {
        "Diluted EPS": 0.45,
        "Total Revenue": 388,
        "Gross Profit": 267,
        "Operating Income": 56,
        "EBIT": 86,
        "Net Income": 27
    },
    "2009-04-30": {
        "Diluted EPS": 0.41,
        "Total Revenue": 403,
        "Gross Profit": 274,
        "Operating Income": 41,
        "EBIT": 69,
        "Net Income": 24
    },
    "2009-01-31": {
        "Diluted EPS": 0.57,
        "Total Revenue": 374,
        "Gross Profit": 251,
        "Operating Income": 63,
        "EBIT": 92,
        "Net Income": 33
    },
    "2023-07-31": {
        "Tax Effect Of Unusual Items": -15709545.0,
        "Tax Rate For Calcs": 0.135,
        "Normalized EBITDA": 64706000.0,
        "Total Unusual Items": -116367000.0,
        "Total Unusual Items Excluding Goodwill": -116367000.0,
        "Net Income From Continuing Operation Net Minority Interest": -92264000.0,
        "Reconciled Depreciation": 43728000.0,
        "Reconciled Cost Of Revenue": 129021000.0,
        "EBITDA": -51661000.0,
        "EBIT": -95389000.0,
        "Net Interest Income": -11334000.0,
        "Interest Expense": 11334000.0,
        "Normalized Income": 8393455.0,
        "Net Income From Continuing And Discontinued Operation": -92264000.0,
        "Total Expenses": 428550000.0,
        "Total Operating Income As Reported": -16355000.0,
        "Diluted Average Shares": 55270000.0,
        "Basic Average Shares": 55270000.0,
        "Diluted EPS": -1.67,
        "Basic EPS": -1.67,
        "Diluted NI Availto Com Stockholders": -92264000.0,
        "Net Income Common Stockholders": -92264000.0,
        "Net Income": -92264000.0,
        "Net Income Including Noncontrolling Interests": -92264000.0,
        "Net Income Continuous Operations": -92264000.0,
        "Tax Provision": -14459000.0,
        "Pretax Income": -106723000.0,
        "Other Income Expense": -117852000.0,
        "Other Non Operating Income Expenses": -1485000.0,
        "Special Income Charges": -114747000.0,
        "Gain On Sale Of Ppe": NaN,
        "Gain On Sale Of Business": -75929000.0,
        "Impairment Of Capital Assets": 26695000.0,
        "Restructuring And Mergern Acquisition": 12123000.0,
        "Gain On Sale Of Security": -1620000.0,
        "Net Non Operating Interest Income Expense": -11334000.0,
        "Interest Expense Non Operating": 11334000.0,
        "Operating Income": 22463000.0,
        "Operating Expense": 271449000.0,
        "Other Operating Expenses": 255801000.0,
        "Depreciation Amortization Depletion Income Statement": 15648000.0,
        "Depreciation And Amortization In Income Statement": 15648000.0,
        "Amortization": 15648000.0,
        "Amortization Of Intangibles Income Statement": 15648000.0,
        "Selling General And Administration": NaN,
        "General And Administrative Expense": NaN,
        "Other Gand A": NaN,
        "Gross Profit": 293912000.0,
        "Cost Of Revenue": 157101000.0,
        "Total Revenue": 451013000.0,
        "Operating Revenue": 451013000.0
    },
    "2023-10-31": {
        "Tax Effect Of Unusual Items": -9228141.0,
        "Tax Rate For Calcs": 0.117,
        "Normalized EBITDA": 109954000.0,
        "Total Unusual Items": -78873000.0,
        "Total Unusual Items Excluding Goodwill": -78873000.0,
        "Net Income From Continuing Operation Net Minority Interest": -19445000.0,
        "Reconciled Depreciation": 40174000.0,
        "Reconciled Cost Of Revenue": 129005000.0,
        "EBITDA": 31081000.0,
        "EBIT": -9093000.0,
        "Net Interest Income": -12937000.0,
        "Interest Expense": 12937000.0,
        "Normalized Income": 50199859.0,
        "Net Income From Continuing And Discontinued Operation": -19445000.0,
        "Total Expenses": 421461000.0,
        "Total Operating Income As Reported": 46245000.0,
        "Diluted Average Shares": 55102000.0,
        "Basic Average Shares": 55102000.0,
        "Diluted EPS": -0.35,
        "Basic EPS": -0.35,
        "Diluted NI Availto Com Stockholders": -19445000.0,
        "Net Income Common Stockholders": -19445000.0,
        "Net Income": -19445000.0,
        "Net Income Including Noncontrolling Interests": -19445000.0,
        "Net Income Continuous Operations": -19445000.0,
        "Tax Provision": -2585000.0,
        "Pretax Income": -22030000.0,
        "Other Income Expense": -80440000.0,
        "Other Non Operating Income Expenses": -1567000.0,
        "Special Income Charges": -76516000.0,
        "Gain On Sale Of Ppe": NaN,
        "Gain On Sale Of Business": NaN,
        "Impairment Of Capital Assets": 51414000.0,
        "Restructuring And Mergern Acquisition": 25102000.0,
        "Gain On Sale Of Security": -2357000.0,
        "Net Non Operating Interest Income Expense": -12937000.0,
        "Interest Expense Non Operating": 12937000.0,
        "Operating Income": 71347000.0,
        "Operating Expense": 265847000.0,
        "Other Operating Expenses": NaN,
        "Depreciation Amortization Depletion Income Statement": 13565000.0,
        "Depreciation And Amortization In Income Statement": 13565000.0,
        "Amortization": 13565000.0,
        "Amortization Of Intangibles Income Statement": 13565000.0,
        "Selling General And Administration": 252282000.0,
        "General And Administrative Expense": 252282000.0,
        "Other Gand A": 252282000.0,
        "Gross Profit": 337194000.0,
        "Cost Of Revenue": 155614000.0,
        "Total Revenue": 492808000.0,
        "Operating Revenue": 492808000.0
    },
    "2024-01-31": {
        "Tax Effect Of Unusual Items": -31180380.0,
        "Tax Rate For Calcs": 0.21,
        "Normalized EBITDA": 94977000.0,
        "Total Unusual Items": -148478000.0,
        "Total Unusual Items Excluding Goodwill": -148478000.0,
        "Net Income From Continuing Operation Net Minority Interest": -113875000.0,
        "Reconciled Depreciation": 45474000.0,
        "Reconciled Cost Of Revenue": 111705000.0,
        "EBITDA": -53501000.0,
        "EBIT": -98975000.0,
        "Net Interest Income": -13321000.0,
        "Interest Expense": 13321000.0,
        "Normalized Income": 3422620.0,
        "Net Income From Continuing And Discontinued Operation": -113875000.0,
        "Total Expenses": 410554000.0,
        "Total Operating Income As Reported": -46411000.0,
        "Diluted Average Shares": 54812000.0,
        "Basic Average Shares": 54812000.0,
        "Diluted EPS": -2.08,
        "Basic EPS": -2.08,
        "Diluted NI Availto Com Stockholders": -113875000.0,
        "Net Income Common Stockholders": -113875000.0,
        "Net Income": -113875000.0,
        "Net Income Including Noncontrolling Interests": -113875000.0,
        "Net Income Continuous Operations": -113875000.0,
        "Tax Provision": 1579000.0,
        "Pretax Income": -112296000.0,
        "Other Income Expense": -149126000.0,
        "Other Non Operating Income Expenses": -648000.0,
        "Special Income Charges": -148966000.0,
        "Gain On Sale Of Ppe": NaN,
        "Gain On Sale Of Business": -52404000.0,
        "Impairment Of Capital Assets": 81754000.0,
        "Restructuring And Mergern Acquisition": 14808000.0,
        "Gain On Sale Of Security": 488000.0,
        "Net Non Operating Interest Income Expense": -13321000.0,
        "Interest Expense Non Operating": 13321000.0,
        "Operating Income": 50151000.0,
        "Operating Expense": 266892000.0,
        "Other Operating Expenses": NaN,
        "Depreciation Amortization Depletion Income Statement": 13517000.0,
        "Depreciation And Amortization In Income Statement": 13517000.0,
        "Amortization": 13517000.0,
        "Amortization Of Intangibles Income Statement": 13517000.0,
        "Selling General And Administration": 253375000.0,
        "General And Administrative Expense": 253375000.0,
        "Other Gand A": 253375000.0,
        "Gross Profit": 317043000.0,
        "Cost Of Revenue": 143662000.0,
        "Total Revenue": 460705000.0,
        "Operating Revenue": 460705000.0
    },
    "2024-04-30": {
        "Tax Effect Of Unusual Items": -2965200.0,
        "Tax Rate For Calcs": 0.21,
        "Normalized EBITDA": 127146000.0,
        "Total Unusual Items": -14120000.0,
        "Total Unusual Items Excluding Goodwill": -14120000.0,
        "Net Income From Continuing Operation Net Minority Interest": 25265000.0,
        "Reconciled Depreciation": 47613000.0,
        "Reconciled Cost Of Revenue": 88996000.0,
        "EBITDA": 113026000.0,
        "EBIT": 65413000.0,
        "Net Interest Income": -11411000.0,
        "Interest Expense": 11411000.0,
        "Normalized Income": 36419800.0,
        "Net Income From Continuing And Discontinued Operation": 25265000.0,
        "Total Expenses": 388671000.0,
        "Total Operating Income As Reported": 68782000.0,
        "Diluted Average Shares": NaN,
        "Basic Average Shares": NaN,
        "Diluted EPS": NaN,
        "Basic EPS": NaN,
        "Diluted NI Availto Com Stockholders": 25265000.0,
        "Net Income Common Stockholders": 25265000.0,
        "Net Income": 25265000.0,
        "Net Income Including Noncontrolling Interests": 25265000.0,
        "Net Income Continuous Operations": 25265000.0,
        "Tax Provision": 28737000.0,
        "Pretax Income": 54002000.0,
        "Other Income Expense": -14377000.0,
        "Other Non Operating Income Expenses": -257000.0,
        "Special Income Charges": -14650000.0,
        "Gain On Sale Of Ppe": NaN,
        "Gain On Sale Of Business": -3642000.0,
        "Impairment Of Capital Assets": 0.0,
        "Restructuring And Mergern Acquisition": 11008000.0,
        "Gain On Sale Of Security": 530000.0,
        "Net Non Operating Interest Income Expense": -11411000.0,
        "Interest Expense Non Operating": 11411000.0,
        "Operating Income": 79790000.0,
        "Operating Expense": 265326000.0,
        "Other Operating Expenses": NaN,
        "Depreciation Amortization Depletion Income Statement": 13264000.0,
        "Depreciation And Amortization In Income Statement": 13264000.0,
        "Amortization": 13264000.0,
        "Amortization Of Intangibles Income Statement": 13264000.0,
        "Selling General And Administration": 252062000.0,
        "General And Administrative Expense": 252062000.0,
        "Other Gand A": 252062000.0,
        "Gross Profit": 345116000.0,
        "Cost Of Revenue": 123345000.0,
        "Total Revenue": 468461000.0,
        "Operating Revenue": 468461000.0
    },
    "2024-07-31": {
        "Tax Effect Of Unusual Items": 454650.0,
        "Tax Rate For Calcs": 0.21,
        "Normalized EBITDA": 70878000.0,
        "Total Unusual Items": 2165000.0,
        "Total Unusual Items Excluding Goodwill": 2165000.0,
        "Net Income From Continuing Operation Net Minority Interest": -1436000.0,
        "Reconciled Depreciation": 37253000.0,
        "Reconciled Cost Of Revenue": 84894000.0,
        "EBITDA": 73043000.0,
        "EBIT": 35790000.0,
        "Net Interest Income": -12787000.0,
        "Interest Expense": 12787000.0,
        "Normalized Income": -3146350.0,
        "Net Income From Continuing And Discontinued Operation": -1436000.0,
        "Total Expenses": 370966000.0,
        "Total Operating Income As Reported": 28973000.0,
        "Diluted Average Shares": 54377000.0,
        "Basic Average Shares": 54377000.0,
        "Diluted EPS": -0.03,
        "Basic EPS": -0.03,
        "Diluted NI Availto Com Stockholders": -1436000.0,
        "Net Income Common Stockholders": -1436000.0,
        "Net Income": -1436000.0,
        "Net Income Including Noncontrolling Interests": -1436000.0,
        "Net Income Continuous Operations": -1436000.0,
        "Tax Provision": 24439000.0,
        "Pretax Income": 23003000.0,
        "Other Income Expense": 2947000.0,
        "Other Non Operating Income Expenses": 782000.0,
        "Special Income Charges": 1931000.0,
        "Gain On Sale Of Ppe": NaN,
        "Gain On Sale Of Business": 5801000.0,
        "Impairment Of Capital Assets": 0.0,
        "Restructuring And Mergern Acquisition": 3870000.0,
        "Gain On Sale Of Security": 234000.0,
        "Net Non Operating Interest Income Expense": -12787000.0,
        "Interest Expense Non Operating": 12787000.0,
        "Operating Income": 32843000.0,
        "Operating Expense": 261746000.0,
        "Other Operating Expenses": 248819000.0,
        "Depreciation Amortization Depletion Income Statement": 12927000.0,
        "Depreciation And Amortization In Income Statement": 12927000.0,
        "Amortization": 12927000.0,
        "Amortization Of Intangibles Income Statement": 12927000.0,
        "Selling General And Administration": NaN,
        "General And Administrative Expense": NaN,
        "Other Gand A": NaN,
        "Gross Profit": 294589000.0,
        "Cost Of Revenue": 109220000.0,
        "Total Revenue": 403809000.0,
        "Operating Revenue": 403809000.0
    }
}