{
    "2023-03-31": {
        "Tax Effect Of Unusual Items": 0.0,
        "Tax Rate For Calcs": 0.362069,
        "Normalized EBITDA": 176000000.0,
        "Total Unusual Items": 0.0,
        "Total Unusual Items Excluding Goodwill": 0.0,
        "Net Income From Continuing Operation Net Minority Interest": 34000000.0,
        "Reconciled Depreciation": 83000000.0,
        "Reconciled Cost Of Revenue": 699000000.0,
        "EBITDA": 176000000.0,
        "EBIT": 93000000.0,
        "Net Interest Income": -35000000.0,
        "Interest Expense": 35000000.0,
        "Normalized Income": 34000000.0,
        "Net Income From Continuing And Discontinued Operation": 34000000.0,
        "Total Expenses": 1234000000.0,
        "Total Operating Income As Reported": 124000000.0,
        "Diluted Average Shares": 515907000.0,
        "Basic Average Shares": 515907000.0,
        "Diluted EPS": 0.06,
        "Basic EPS": 0.06,
        "Diluted NI Availto Com Stockholders": 34000000.0,
        "Net Income Common Stockholders": 34000000.0,
        "Otherunder Preferred Stock Dividend": NaN,
        "Net Income": 34000000.0,
        "Minority Interests": -3000000.0,
        "Net Income Including Noncontrolling Interests": 37000000.0,
        "Net Income Continuous Operations": 37000000.0,
        "Tax Provision": 21000000.0,
        "Pretax Income": 58000000.0,
        "Other Income Expense": -31000000.0,
        "Other Non Operating Income Expenses": -31000000.0,
        "Special Income Charges": 0.0,
        "Gain On Sale Of Business": 0.0,
        "Other Special Charges": NaN,
        "Restructuring And Mergern Acquisition": NaN,
        "Net Non Operating Interest Income Expense": -35000000.0,
        "Interest Expense Non Operating": 35000000.0,
        "Operating Income": 165000000.0,
        "Operating Expense": 513000000.0,
        "Depreciation Amortization Depletion Income Statement": 61000000.0,
        "Depreciation And Amortization In Income Statement": 61000000.0,
        "Amortization": 61000000.0,
        "Amortization Of Intangibles Income Statement": 61000000.0,
        "Selling General And Administration": 452000000.0,
        "Selling And Marketing Expense": 199000000.0,
        "General And Administrative Expense": 253000000.0,
        "Other Gand A": 253000000.0,
        "Gross Profit": 678000000.0,
        "Cost Of Revenue": 721000000.0,
        "Total Revenue": 1399000000.0,
        "Operating Revenue": 1399000000.0
    },
    "2022-12-31": {
        "Tax Effect Of Unusual Items": 11441860.465116,
        "Tax Rate For Calcs": 0.27907,
        "Normalized EBITDA": 247000000.0,
        "Total Unusual Items": 41000000.0,
        "Total Unusual Items Excluding Goodwill": 41000000.0,
        "Net Income From Continuing Operation Net Minority Interest": 122000000.0,
        "Reconciled Depreciation": 84000000.0,
        "Reconciled Cost Of Revenue": 740000000.0,
        "EBITDA": 288000000.0,
        "EBIT": 204000000.0,
        "Net Interest Income": -32000000.0,
        "Interest Expense": 32000000.0,
        "Normalized Income": 92441860.465116,
        "Net Income From Continuing And Discontinued Operation": 122000000.0,
        "Total Expenses": 1264000000.0,
        "Total Operating Income As Reported": 265000000.0,
        "Diluted Average Shares": 515074000.0,
        "Basic Average Shares": 515074000.0,
        "Diluted EPS": 0.23,
        "Basic EPS": 0.23,
        "Diluted NI Availto Com Stockholders": 120000000.0,
        "Net Income Common Stockholders": 120000000.0,
        "Otherunder Preferred Stock Dividend": 2000000.0,
        "Net Income": 122000000.0,
        "Minority Interests": -2000000.0,
        "Net Income Including Noncontrolling Interests": 124000000.0,
        "Net Income Continuous Operations": 124000000.0,
        "Tax Provision": 48000000.0,
        "Pretax Income": 172000000.0,
        "Other Income Expense": -20000000.0,
        "Other Non Operating Income Expenses": -61000000.0,
        "Special Income Charges": 41000000.0,
        "Gain On Sale Of Business": 41000000.0,
        "Other Special Charges": NaN,
        "Restructuring And Mergern Acquisition": NaN,
        "Net Non Operating Interest Income Expense": -32000000.0,
        "Interest Expense Non Operating": 32000000.0,
        "Operating Income": 224000000.0,
        "Operating Expense": 503000000.0,
        "Depreciation Amortization Depletion Income Statement": 63000000.0,
        "Depreciation And Amortization In Income Statement": 63000000.0,
        "Amortization": 63000000.0,
        "Amortization Of Intangibles Income Statement": 63000000.0,
        "Selling General And Administration": 440000000.0,
        "Selling And Marketing Expense": 219000000.0,
        "General And Administrative Expense": 221000000.0,
        "Other Gand A": 221000000.0,
        "Gross Profit": 727000000.0,
        "Cost Of Revenue": 761000000.0,
        "Total Revenue": 1488000000.0,
        "Operating Revenue": 1488000000.0
    },
    "2022-09-30": {
        "Tax Effect Of Unusual Items": 0.0,
        "Tax Rate For Calcs": 0.197861,
        "Normalized EBITDA": 283000000.0,
        "Total Unusual Items": 0.0,
        "Total Unusual Items Excluding Goodwill": 0.0,
        "Net Income From Continuing Operation Net Minority Interest": 148000000.0,
        "Reconciled Depreciation": 65000000.0,
        "Reconciled Cost Of Revenue": 799000000.0,
        "EBITDA": 283000000.0,
        "EBIT": 218000000.0,
        "Net Interest Income": -31000000.0,
        "Interest Expense": 31000000.0,
        "Normalized Income": 148000000.0,
        "Net Income From Continuing And Discontinued Operation": 148000000.0,
        "Total Expenses": 1334000000.0,
        "Total Operating Income As Reported": 163000000.0,
        "Diluted Average Shares": 528571429.0,
        "Basic Average Shares": 528571429.0,
        "Diluted EPS": 0.28,
        "Basic EPS": 0.28,
        "Diluted NI Availto Com Stockholders": 148000000.0,
        "Net Income Common Stockholders": 148000000.0,
        "Otherunder Preferred Stock Dividend": NaN,
        "Net Income": 148000000.0,
        "Minority Interests": -2000000.0,
        "Net Income Including Noncontrolling Interests": 150000000.0,
        "Net Income Continuous Operations": 150000000.0,
        "Tax Provision": 37000000.0,
        "Pretax Income": 187000000.0,
        "Other Income Expense": 55000000.0,
        "Other Non Operating Income Expenses": 55000000.0,
        "Special Income Charges": 0.0,
        "Gain On Sale Of Business": NaN,
        "Other Special Charges": NaN,
        "Restructuring And Mergern Acquisition": NaN,
        "Net Non Operating Interest Income Expense": -31000000.0,
        "Interest Expense Non Operating": 31000000.0,
        "Operating Income": 163000000.0,
        "Operating Expense": 535000000.0,
        "Depreciation Amortization Depletion Income Statement": 65000000.0,
        "Depreciation And Amortization In Income Statement": 65000000.0,
        "Amortization": 65000000.0,
        "Amortization Of Intangibles Income Statement": 65000000.0,
        "Selling General And Administration": 470000000.0,
        "Selling And Marketing Expense": 227000000.0,
        "General And Administrative Expense": 243000000.0,
        "Other Gand A": 243000000.0,
        "Gross Profit": 698000000.0,
        "Cost Of Revenue": 799000000.0,
        "Total Revenue": 1497000000.0,
        "Operating Revenue": 1497000000.0
    },
    "2022-06-30": {
        "Tax Effect Of Unusual Items": 0.0,
        "Tax Rate For Calcs": 0.237805,
        "Normalized EBITDA": 283000000.0,
        "Total Unusual Items": 0.0,
        "Total Unusual Items Excluding Goodwill": 0.0,
        "Net Income From Continuing Operation Net Minority Interest": 124000000.0,
        "Reconciled Depreciation": 87000000.0,
        "Reconciled Cost Of Revenue": 748000000.0,
        "EBITDA": 283000000.0,
        "EBIT": 196000000.0,
        "Net Interest Income": -32000000.0,
        "Interest Expense": 32000000.0,
        "Normalized Income": 124000000.0,
        "Net Income From Continuing And Discontinued Operation": 124000000.0,
        "Total Expenses": 1286000000.0,
        "Total Operating Income As Reported": 146000000.0,
        "Diluted Average Shares": 514815000.0,
        "Basic Average Shares": 514815000.0,
        "Diluted EPS": 0.24,
        "Basic EPS": 0.24,
        "Diluted NI Availto Com Stockholders": 122000000.0,
        "Net Income Common Stockholders": 122000000.0,
        "Otherunder Preferred Stock Dividend": 2000000.0,
        "Net Income": 124000000.0,
        "Minority Interests": -1000000.0,
        "Net Income Including Noncontrolling Interests": 125000000.0,
        "Net Income Continuous Operations": 125000000.0,
        "Tax Provision": 39000000.0,
        "Pretax Income": 164000000.0,
        "Other Income Expense": 50000000.0,
        "Other Non Operating Income Expenses": 50000000.0,
        "Special Income Charges": 0.0,
        "Gain On Sale Of Business": NaN,
        "Other Special Charges": NaN,
        "Restructuring And Mergern Acquisition": NaN,
        "Net Non Operating Interest Income Expense": -32000000.0,
        "Interest Expense Non Operating": 32000000.0,
        "Operating Income": 146000000.0,
        "Operating Expense": 520000000.0,
        "Depreciation Amortization Depletion Income Statement": 69000000.0,
        "Depreciation And Amortization In Income Statement": 69000000.0,
        "Amortization": 69000000.0,
        "Amortization Of Intangibles Income Statement": 69000000.0,
        "Selling General And Administration": 451000000.0,
        "Selling And Marketing Expense": 226000000.0,
        "General And Administrative Expense": 225000000.0,
        "Other Gand A": 225000000.0,
        "Gross Profit": 666000000.0,
        "Cost Of Revenue": 766000000.0,
        "Total Revenue": 1432000000.0,
        "Operating Revenue": 1432000000.0
    },
    "2022-03-31": {
        "Diluted EPS": 0.18,
        "Total Revenue": NaN,
        "Gross Profit": 679,
        "Operating Income": 166,
        "EBIT": 255,
        "Net Income": 92
    },
    "2021-12-31": {
        "Diluted EPS": 0.36,
        "Total Revenue": NaN,
        "Gross Profit": 796,
        "Operating Income": 239,
        "EBIT": 320,
        "Net Income": 187
    },
    "2021-09-30": {
        "Diluted EPS": 0.05,
        "Total Revenue": NaN,
        "Gross Profit": 624,
        "Operating Income": 100,
        "EBIT": 179,
        "Net Income": 28
    },
    "2021-06-30": {
        "Diluted EPS": 0.12,
        "Total Revenue": NaN,
        "Gross Profit": 659,
        "Operating Income": 162,
        "EBIT": 241,
        "Net Income": 61
    },
    "2021-03-31": {
        "Diluted EPS": 0.23,
        "Total Revenue": NaN,
        "Gross Profit": 627,
        "Operating Income": 151,
        "EBIT": 228,
        "Net Income": 117
    },
    "2020-12-31": {
        "Diluted EPS": 0.19,
        "Total Revenue": NaN,
        "Gross Profit": 649,
        "Operating Income": 196,
        "EBIT": 267,
        "Net Income": 98
    },
    "2020-09-30": {
        "Diluted EPS": 0.0,
        "Total Revenue": NaN,
        "Gross Profit": 520,
        "Operating Income": 88,
        "EBIT": 155,
        "Net Income": -1
    },
    "2020-06-30": {
        "Diluted EPS": -1.03,
        "Total Revenue": NaN,
        "Gross Profit": 483,
        "Operating Income": -433,
        "EBIT": -371,
        "Net Income": -520
    },
    "2020-03-31": {
        "Diluted EPS": -0.15,
        "Total Revenue": NaN,
        "Gross Profit": 536,
        "Operating Income": -49,
        "EBIT": 12,
        "Net Income": -74
    },
    "2019-12-31": {
        "Diluted EPS": 0.24,
        "Total Revenue": NaN,
        "Gross Profit": 591,
        "Operating Income": 165,
        "EBIT": 236,
        "Net Income": 120
    },
    "2019-09-30": {
        "Diluted EPS": 0.35,
        "Total Revenue": NaN,
        "Gross Profit": 485,
        "Operating Income": 29,
        "EBIT": 95,
        "Net Income": 90
    },
    "2019-06-30": {
        "Diluted EPS": 0.03,
        "Total Revenue": NaN,
        "Gross Profit": 481,
        "Operating Income": 58,
        "EBIT": 124,
        "Net Income": 13
    },
    "2019-03-31": {
        "Diluted EPS": 0.13,
        "Total Revenue": NaN,
        "Gross Profit": 531,
        "Operating Income": 122,
        "EBIT": 191,
        "Net Income": 67
    },
    "2018-12-31": {
        "Diluted EPS": 0.0,
        "Total Revenue": NaN,
        "Gross Profit": 577,
        "Operating Income": 147,
        "EBIT": 215,
        "Net Income": 86
    },
    "2018-09-30": {
        "Diluted EPS": 0.0,
        "Total Revenue": NaN,
        "Gross Profit": 456,
        "Operating Income": 16,
        "EBIT": 72,
        "Net Income": -14
    },
    "2018-06-30": {
        "Diluted EPS": 0.0,
        "Total Revenue": 958,
        "Gross Profit": 427,
        "Operating Income": 28,
        "EBIT": 99,
        "Net Income": 320
    },
    "2018-03-31": {
        "Diluted EPS": 0.0,
        "Total Revenue": 963,
        "Gross Profit": 475,
        "Operating Income": 83,
        "EBIT": 152,
        "Net Income": -3
    },
    "2017-12-31": {
        "Diluted EPS": 0.0,
        "Total Revenue": NaN,
        "Gross Profit": 476,
        "Operating Income": 90,
        "EBIT": 155,
        "Net Income": 4
    },
    "2017-09-30": {
        "Diluted EPS": 0.0,
        "Total Revenue": 917,
        "Gross Profit": 416,
        "Operating Income": -1,
        "EBIT": 60,
        "Net Income": -39
    },
    "2017-06-30": {
        "Diluted EPS": 0.0,
        "Total Revenue": 917,
        "Gross Profit": 398,
        "Operating Income": 51,
        "EBIT": 115,
        "Net Income": 141
    },
    "2017-03-31": {
        "Diluted EPS": 0.0,
        "Total Revenue": 825,
        "Gross Profit": 410,
        "Operating Income": 78,
        "EBIT": 141,
        "Net Income": 19
    },
    "2016-12-31": {
        "Diluted EPS": 0.0,
        "Total Revenue": 917,
        "Gross Profit": 421,
        "Operating Income": 94,
        "EBIT": 157,
        "Net Income": 22
    },
    "2016-09-30": {
        "Diluted EPS": 0.0,
        "Total Revenue": 841,
        "Gross Profit": 405,
        "Operating Income": 55,
        "EBIT": 123,
        "Net Income": -4
    },
    "2016-06-30": {
        "Diluted EPS": 0.0,
        "Total Revenue": 811,
        "Gross Profit": 363,
        "Operating Income": 45,
        "EBIT": 120,
        "Net Income": -9
    },
    "2016-03-31": {
        "Diluted EPS": 0.0,
        "Total Revenue": 745,
        "Gross Profit": 371,
        "Operating Income": 52,
        "EBIT": 127,
        "Net Income": 11
    },
    "2015-12-31": {
        "Diluted EPS": 0.0,
        "Total Revenue": 849,
        "Gross Profit": 400,
        "Operating Income": 62,
        "EBIT": 137,
        "Net Income": 27
    },
    "2015-09-30": {
        "Diluted EPS": 0.0,
        "Total Revenue": 750,
        "Gross Profit": 375,
        "Operating Income": 37,
        "EBIT": 113,
        "Net Income": -23
    },
    "2015-06-30": {
        "Diluted EPS": 0.0,
        "Total Revenue": 710,
        "Gross Profit": 337,
        "Operating Income": 23,
        "EBIT": 100,
        "Net Income": -44
    },
    "2015-03-31": {
        "Diluted EPS": 0.0,
        "Total Revenue": 677,
        "Gross Profit": 359,
        "Operating Income": 44,
        "EBIT": 121,
        "Net Income": 18
    },
    "2014-12-31": {
        "Diluted EPS": 0.0,
        "Total Revenue": 829,
        "Gross Profit": 384,
        "Operating Income": 23,
        "EBIT": 102,
        "Net Income": -42
    },
    "2014-09-30": {
        "Diluted EPS": 0.0,
        "Total Revenue": 771,
        "Gross Profit": 378,
        "Operating Income": 24,
        "EBIT": 107,
        "Net Income": -26
    },
    "2014-06-30": {
        "Diluted EPS": 0.0,
        "Total Revenue": 788,
        "Gross Profit": 371,
        "Operating Income": -15,
        "EBIT": 66,
        "Net Income": -185
    },
    "2014-03-31": {
        "Diluted EPS": 0.0,
        "Total Revenue": 653,
        "Gross Profit": 334,
        "Operating Income": -5,
        "EBIT": 74,
        "Net Income": -60
    },
    "2013-12-31": {
        "Diluted EPS": 0.0,
        "Total Revenue": 815,
        "Gross Profit": 374,
        "Operating Income": 15,
        "EBIT": 93,
        "Net Income": -37
    },
    "2013-09-30": {
        "Diluted EPS": 0.0,
        "Total Revenue": 764,
        "Gross Profit": 376,
        "Operating Income": -41,
        "EBIT": 36,
        "Net Income": -57
    },
    "2013-06-30": {
        "Diluted EPS": 0.0,
        "Total Revenue": 663,
        "Gross Profit": 294,
        "Operating Income": 8,
        "EBIT": 69,
        "Net Income": -63
    },
    "2013-03-31": {
        "Diluted EPS": 0.0,
        "Total Revenue": 675,
        "Gross Profit": 348,
        "Operating Income": 57,
        "EBIT": 116,
        "Net Income": 2
    },
    "2012-12-31": {
        "Diluted EPS": 0.0,
        "Total Revenue": 769,
        "Gross Profit": 361,
        "Operating Income": 51,
        "EBIT": 112,
        "Net Income": -80
    },
    "2012-09-30": {
        "Diluted EPS": 0.0,
        "Total Revenue": 731,
        "Gross Profit": 367,
        "Operating Income": 41,
        "EBIT": 103,
        "Net Income": -18
    },
    "2012-06-30": {
        "Diluted EPS": 0.0,
        "Total Revenue": 651,
        "Gross Profit": 298,
        "Operating Income": 7,
        "EBIT": 66,
        "Net Income": -32
    },
    "2012-03-31": {
        "Diluted EPS": 0.0,
        "Total Revenue": 623,
        "Gross Profit": 305,
        "Operating Income": 22,
        "EBIT": 85,
        "Net Income": -36
    },
    "2011-12-31": {
        "Diluted EPS": 0.0,
        "Total Revenue": 775,
        "Gross Profit": 355,
        "Operating Income": 39,
        "EBIT": 99,
        "Net Income": -26
    },
    "2011-09-30": {
        "Diluted EPS": 0.0,
        "Total Revenue": 717,
        "Gross Profit": 338,
        "Operating Income": -21,
        "EBIT": 41,
        "Net Income": -103
    },
    "2011-06-30": {
        "Diluted EPS": -0.3,
        "Total Revenue": 688,
        "Gross Profit": 308,
        "Operating Income": 10,
        "EBIT": 77,
        "Net Income": -46
    },
    "2011-03-31": {
        "Diluted EPS": -0.25,
        "Total Revenue": 684,
        "Gross Profit": 325,
        "Operating Income": 16,
        "EBIT": 82,
        "Net Income": -38
    },
    "2010-12-31": {
        "Diluted EPS": -0.12,
        "Total Revenue": 778,
        "Gross Profit": 347,
        "Operating Income": 27,
        "EBIT": 90,
        "Net Income": -18
    },
    "2010-09-30": {
        "Diluted EPS": -0.31,
        "Total Revenue": 752,
        "Gross Profit": 361,
        "Operating Income": 20,
        "EBIT": 85,
        "Net Income": -46
    },
    "2010-06-30": {
        "Diluted EPS": -0.37,
        "Total Revenue": 652,
        "Gross Profit": 299,
        "Operating Income": -1,
        "EBIT": 64,
        "Net Income": -55
    },
    "2010-03-31": {
        "Diluted EPS": -0.17,
        "Total Revenue": 666,
        "Gross Profit": 337,
        "Operating Income": 24,
        "EBIT": 87,
        "Net Income": -25
    },
    "2009-12-31": {
        "Diluted EPS": -0.11,
        "Total Revenue": 918,
        "Gross Profit": 407,
        "Operating Income": 47,
        "EBIT": 112,
        "Net Income": -17
    },
    "2009-09-30": {
        "Diluted EPS": -0.12,
        "Total Revenue": 874,
        "Gross Profit": 411,
        "Operating Income": 54,
        "EBIT": 120,
        "Net Income": -18
    },
    "2009-06-30": {
        "Diluted EPS": -0.25,
        "Total Revenue": 773,
        "Gross Profit": 338,
        "Operating Income": 25,
        "EBIT": 90,
        "Net Income": -37
    },
    "2009-03-31": {
        "Diluted EPS": -0.45,
        "Total Revenue": 671,
        "Gross Profit": 330,
        "Operating Income": 15,
        "EBIT": 80,
        "Net Income": -68
    },
    "2023-06-30": {
        "Tax Effect Of Unusual Items": -1029940.11976,
        "Tax Rate For Calcs": 0.257485,
        "Normalized EBITDA": 295000000.0,
        "Total Unusual Items": -4000000.0,
        "Total Unusual Items Excluding Goodwill": -4000000.0,
        "Net Income From Continuing Operation Net Minority Interest": 122000000.0,
        "Reconciled Depreciation": 86000000.0,
        "Reconciled Cost Of Revenue": 828000000.0,
        "EBITDA": 291000000.0,
        "EBIT": 205000000.0,
        "Net Interest Income": -38000000.0,
        "Interest Expense": 38000000.0,
        "Normalized Income": 124970059.88024,
        "Net Income From Continuing And Discontinued Operation": 122000000.0,
        "Total Expenses": 1375000000.0,
        "Total Operating Income As Reported": 189000000.0,
        "Diluted Average Shares": 515940000.0,
        "Basic Average Shares": 515940000.0,
        "Diluted EPS": 0.23,
        "Basic EPS": 0.23,
        "Diluted NI Availto Com Stockholders": 122000000.0,
        "Net Income Common Stockholders": 122000000.0,
        "Otherunder Preferred Stock Dividend": NaN,
        "Net Income": 122000000.0,
        "Minority Interests": -2000000.0,
        "Net Income Including Noncontrolling Interests": 124000000.0,
        "Net Income Continuous Operations": 124000000.0,
        "Tax Provision": 43000000.0,
        "Pretax Income": 167000000.0,
        "Other Income Expense": 16000000.0,
        "Other Non Operating Income Expenses": 20000000.0,
        "Special Income Charges": -4000000.0,
        "Gain On Sale Of Business": 0.0,
        "Other Special Charges": 4000000.0,
        "Restructuring And Mergern Acquisition": 0.0,
        "Net Non Operating Interest Income Expense": -38000000.0,
        "Interest Expense Non Operating": 38000000.0,
        "Operating Income": 189000000.0,
        "Operating Expense": 525000000.0,
        "Depreciation Amortization Depletion Income Statement": 64000000.0,
        "Depreciation And Amortization In Income Statement": 64000000.0,
        "Amortization": 64000000.0,
        "Amortization Of Intangibles Income Statement": 64000000.0,
        "Selling General And Administration": 461000000.0,
        "Selling And Marketing Expense": 217000000.0,
        "General And Administrative Expense": 244000000.0,
        "Other Gand A": 244000000.0,
        "Gross Profit": 714000000.0,
        "Cost Of Revenue": 850000000.0,
        "Total Revenue": 1564000000.0,
        "Operating Revenue": 1564000000.0
    },
    "2023-09-30": {
        "Tax Effect Of Unusual Items": 273584.90566,
        "Tax Rate For Calcs": 0.273585,
        "Normalized EBITDA": 326000000.0,
        "Total Unusual Items": 1000000.0,
        "Total Unusual Items Excluding Goodwill": 1000000.0,
        "Net Income From Continuing Operation Net Minority Interest": 152000000.0,
        "Reconciled Depreciation": 79000000.0,
        "Reconciled Cost Of Revenue": 823000000.0,
        "EBITDA": 327000000.0,
        "EBIT": 248000000.0,
        "Net Interest Income": -36000000.0,
        "Interest Expense": 36000000.0,
        "Normalized Income": 151273584.90566,
        "Net Income From Continuing And Discontinued Operation": 152000000.0,
        "Total Expenses": 1375000000.0,
        "Total Operating Income As Reported": 212000000.0,
        "Diluted Average Shares": 524137931.0,
        "Basic Average Shares": 524137931.0,
        "Diluted EPS": 0.29,
        "Basic EPS": 0.29,
        "Diluted NI Availto Com Stockholders": 146000000.0,
        "Net Income Common Stockholders": 146000000.0,
        "Otherunder Preferred Stock Dividend": NaN,
        "Net Income": 152000000.0,
        "Minority Interests": -2000000.0,
        "Net Income Including Noncontrolling Interests": 154000000.0,
        "Net Income Continuous Operations": 154000000.0,
        "Tax Provision": 58000000.0,
        "Pretax Income": 212000000.0,
        "Other Income Expense": 37000000.0,
        "Other Non Operating Income Expenses": 36000000.0,
        "Special Income Charges": 1000000.0,
        "Gain On Sale Of Business": 0.0,
        "Other Special Charges": 0.0,
        "Restructuring And Mergern Acquisition": -1000000.0,
        "Net Non Operating Interest Income Expense": -36000000.0,
        "Interest Expense Non Operating": 36000000.0,
        "Operating Income": 211000000.0,
        "Operating Expense": 530000000.0,
        "Depreciation Amortization Depletion Income Statement": 57000000.0,
        "Depreciation And Amortization In Income Statement": 57000000.0,
        "Amortization": 57000000.0,
        "Amortization Of Intangibles Income Statement": 57000000.0,
        "Selling General And Administration": 473000000.0,
        "Selling And Marketing Expense": 200000000.0,
        "General And Administrative Expense": 273000000.0,
        "Other Gand A": 273000000.0,
        "Gross Profit": 741000000.0,
        "Cost Of Revenue": 845000000.0,
        "Total Revenue": 1586000000.0,
        "Operating Revenue": 1586000000.0
    }
}