{
    "2023-03-31": {
        "Tax Effect Of Unusual Items": 1009400.762273,
        "Tax Rate For Calcs": 0.265772,
        "Normalized EBITDA": 55508000.0,
        "Total Unusual Items": 3798000.0,
        "Total Unusual Items Excluding Goodwill": 3798000.0,
        "Net Income From Continuing Operation Net Minority Interest": 25814000.0,
        "Reconciled Depreciation": 26688000.0,
        "Reconciled Cost Of Revenue": 859185000.0,
        "EBIT": 32618000.0,
        "Normalized Income": 23025400.762273,
        "Net Income From Continuing And Discontinued Operation": 25814000.0,
        "Total Expenses": 1112356000.0,
        "Total Operating Income As Reported": 32618000.0,
        "Diluted Average Shares": 26898443.0,
        "Basic Average Shares": 26898443.0,
        "Diluted EPS": 0.96,
        "Basic EPS": 0.96,
        "Diluted NI Availto Com Stockholders": 25814000.0,
        "Net Income Common Stockholders": 25814000.0,
        "Net Income": 25814000.0,
        "Net Income Including Noncontrolling Interests": 25814000.0,
        "Net Income Continuous Operations": 25814000.0,
        "Tax Provision": 9344000.0,
        "Pretax Income": 35158000.0,
        "Other Income Expense": 2540000.0,
        "Other Non Operating Income Expenses": -1258000.0,
        "Gain On Sale Of Security": 3798000.0,
        "Operating Income": 32618000.0,
        "Operating Expense": 253171000.0,
        "Selling General And Administration": 253171000.0,
        "Gross Profit": 285789000.0,
        "Cost Of Revenue": 859185000.0,
        "Total Revenue": 1144974000.0,
        "Operating Revenue": 1144974000.0
    },
    "2022-12-31": {
        "Tax Effect Of Unusual Items": 646619.782669,
        "Tax Rate For Calcs": 0.195235,
        "Normalized EBITDA": 56686000.0,
        "Total Unusual Items": 3312000.0,
        "Total Unusual Items Excluding Goodwill": 3312000.0,
        "Net Income From Continuing Operation Net Minority Interest": 28883000.0,
        "Reconciled Depreciation": 26422000.0,
        "Reconciled Cost Of Revenue": 997718000.0,
        "EBIT": 33576000.0,
        "Normalized Income": 26217619.782669,
        "Net Income From Continuing And Discontinued Operation": 28883000.0,
        "Total Expenses": 1272514000.0,
        "Total Operating Income As Reported": 33576000.0,
        "Diluted Average Shares": 26898443.0,
        "Basic Average Shares": 26898443.0,
        "Diluted EPS": 1.07,
        "Basic EPS": 1.07,
        "Diluted NI Availto Com Stockholders": 28883000.0,
        "Net Income Common Stockholders": 28883000.0,
        "Net Income": 28883000.0,
        "Net Income Including Noncontrolling Interests": 28883000.0,
        "Net Income Continuous Operations": 28883000.0,
        "Tax Provision": 7007000.0,
        "Pretax Income": 35890000.0,
        "Other Income Expense": 2314000.0,
        "Other Non Operating Income Expenses": -998000.0,
        "Gain On Sale Of Security": 3312000.0,
        "Operating Income": 33576000.0,
        "Operating Expense": 274796000.0,
        "Selling General And Administration": 274796000.0,
        "Gross Profit": 308372000.0,
        "Cost Of Revenue": 997718000.0,
        "Total Revenue": 1306090000.0,
        "Operating Revenue": 1306090000.0
    },
    "2022-09-30": {
        "Tax Effect Of Unusual Items": -210586.0,
        "Tax Rate For Calcs": 0.142,
        "Normalized EBITDA": 61235000.0,
        "Total Unusual Items": -1483000.0,
        "Total Unusual Items Excluding Goodwill": -1483000.0,
        "Net Income From Continuing Operation Net Minority Interest": 28658000.0,
        "Reconciled Depreciation": 26094000.0,
        "Reconciled Cost Of Revenue": 862908000.0,
        "EBIT": 33658000.0,
        "Normalized Income": 29930414.0,
        "Net Income From Continuing And Discontinued Operation": 28658000.0,
        "Total Expenses": 1116893000.0,
        "Total Operating Income As Reported": 33658000.0,
        "Diluted Average Shares": 26898443.0,
        "Basic Average Shares": 26898443.0,
        "Diluted EPS": 1.07,
        "Basic EPS": 1.07,
        "Diluted NI Availto Com Stockholders": 28658000.0,
        "Net Income Common Stockholders": 28658000.0,
        "Net Income": 28658000.0,
        "Net Income Including Noncontrolling Interests": 28658000.0,
        "Net Income Continuous Operations": 28658000.0,
        "Tax Provision": 4731000.0,
        "Pretax Income": 33389000.0,
        "Other Income Expense": -269000.0,
        "Other Non Operating Income Expenses": 1214000.0,
        "Gain On Sale Of Security": -1483000.0,
        "Operating Income": 33658000.0,
        "Operating Expense": 253985000.0,
        "Selling General And Administration": 253985000.0,
        "Gross Profit": 287643000.0,
        "Cost Of Revenue": 862908000.0,
        "Total Revenue": 1150551000.0,
        "Operating Revenue": 1150551000.0
    },
    "2022-06-30": {
        "Tax Effect Of Unusual Items": -275010.0,
        "Tax Rate For Calcs": 0.267,
        "Normalized EBITDA": 75316000.0,
        "Total Unusual Items": -1030000.0,
        "Total Unusual Items Excluding Goodwill": -1030000.0,
        "Net Income From Continuing Operation Net Minority Interest": 36266000.0,
        "Reconciled Depreciation": 25881000.0,
        "Reconciled Cost Of Revenue": 843020000.0,
        "EBIT": 48405000.0,
        "Normalized Income": 37020990.0,
        "Net Income From Continuing And Discontinued Operation": 36266000.0,
        "Total Expenses": 1086829000.0,
        "Total Operating Income As Reported": 48405000.0,
        "Diluted Average Shares": 26898443.0,
        "Basic Average Shares": 26898443.0,
        "Diluted EPS": 1.35,
        "Basic EPS": 1.35,
        "Diluted NI Availto Com Stockholders": 36266000.0,
        "Net Income Common Stockholders": 36266000.0,
        "Net Income": 36266000.0,
        "Net Income Including Noncontrolling Interests": 36266000.0,
        "Net Income Continuous Operations": 36266000.0,
        "Tax Provision": 13194000.0,
        "Pretax Income": 49460000.0,
        "Other Income Expense": 1055000.0,
        "Other Non Operating Income Expenses": 2085000.0,
        "Gain On Sale Of Security": -1030000.0,
        "Operating Income": 48405000.0,
        "Operating Expense": 243809000.0,
        "Selling General And Administration": 243809000.0,
        "Gross Profit": 292214000.0,
        "Cost Of Revenue": 843020000.0,
        "Total Revenue": 1135234000.0,
        "Operating Revenue": 1135234000.0
    },
    "2022-03-31": {
        "Diluted EPS": 1.17,
        "Total Revenue": NaN,
        "Gross Profit": 294,
        "Operating Income": 41,
        "EBIT": 67,
        "Net Income": 31
    },
    "2021-12-31": {
        "Diluted EPS": 0.85,
        "Total Revenue": NaN,
        "Gross Profit": 284,
        "Operating Income": 30,
        "EBIT": 56,
        "Net Income": 23
    },
    "2021-09-30": {
        "Diluted EPS": 1.06,
        "Total Revenue": NaN,
        "Gross Profit": 283,
        "Operating Income": 39,
        "EBIT": 65,
        "Net Income": 29
    },
    "2021-06-30": {
        "Diluted EPS": 1.24,
        "Total Revenue": NaN,
        "Gross Profit": 281,
        "Operating Income": 46,
        "EBIT": 71,
        "Net Income": 33
    },
    "2021-03-31": {
        "Diluted EPS": 0.9,
        "Total Revenue": NaN,
        "Gross Profit": 267,
        "Operating Income": 32,
        "EBIT": 57,
        "Net Income": 24
    },
    "2020-12-31": {
        "Diluted EPS": 0.73,
        "Total Revenue": NaN,
        "Gross Profit": 269,
        "Operating Income": 27,
        "EBIT": 52,
        "Net Income": 19
    },
    "2020-09-30": {
        "Diluted EPS": 1.16,
        "Total Revenue": NaN,
        "Gross Profit": 274,
        "Operating Income": 43,
        "EBIT": 69,
        "Net Income": 31
    },
    "2020-06-30": {
        "Diluted EPS": 1.54,
        "Total Revenue": NaN,
        "Gross Profit": 293,
        "Operating Income": 56,
        "EBIT": 80,
        "Net Income": 41
    },
    "2020-03-31": {
        "Diluted EPS": 0.99,
        "Total Revenue": 986,
        "Gross Profit": 264,
        "Operating Income": 37,
        "EBIT": 61,
        "Net Income": 27
    },
    "2019-12-31": {
        "Diluted EPS": 0.71,
        "Total Revenue": 902,
        "Gross Profit": 239,
        "Operating Income": 23,
        "EBIT": 47,
        "Net Income": 19
    },
    "2019-09-30": {
        "Diluted EPS": 0.53,
        "Total Revenue": 876,
        "Gross Profit": 233,
        "Operating Income": 18,
        "EBIT": 41,
        "Net Income": 14
    },
    "2019-06-30": {
        "Diluted EPS": 0.76,
        "Total Revenue": 888,
        "Gross Profit": 237,
        "Operating Income": 26,
        "EBIT": 49,
        "Net Income": 20
    },
    "2019-03-31": {
        "Diluted EPS": 0.53,
        "Total Revenue": 877,
        "Gross Profit": 230,
        "Operating Income": 18,
        "EBIT": 41,
        "Net Income": 14
    },
    "2018-12-31": {
        "Diluted EPS": 0.49,
        "Total Revenue": 893,
        "Gross Profit": 227,
        "Operating Income": 16,
        "EBIT": 40,
        "Net Income": 13
    },
    "2018-09-30": {
        "Diluted EPS": 0.53,
        "Total Revenue": 869,
        "Gross Profit": 232,
        "Operating Income": 18,
        "EBIT": 41,
        "Net Income": 14
    },
    "2018-06-30": {
        "Diluted EPS": 0.71,
        "Total Revenue": 871,
        "Gross Profit": 240,
        "Operating Income": 26,
        "EBIT": 49,
        "Net Income": 19
    },
    "2018-03-31": {
        "Diluted EPS": 0.6,
        "Total Revenue": 876,
        "Gross Profit": 235,
        "Operating Income": 23,
        "EBIT": 46,
        "Net Income": 16
    },
    "2017-12-31": {
        "Diluted EPS": 2.37,
        "Total Revenue": 884,
        "Gross Profit": 230,
        "Operating Income": 24,
        "EBIT": 46,
        "Net Income": 64
    },
    "2017-09-30": {
        "Diluted EPS": 0.16,
        "Total Revenue": 854,
        "Gross Profit": 220,
        "Operating Income": 6,
        "EBIT": 28,
        "Net Income": 4
    },
    "2017-06-30": {
        "Diluted EPS": 0.69,
        "Total Revenue": 877,
        "Gross Profit": 234,
        "Operating Income": 28,
        "EBIT": 49,
        "Net Income": 18
    },
    "2017-03-31": {
        "Diluted EPS": 0.44,
        "Total Revenue": 852,
        "Gross Profit": 229,
        "Operating Income": 20,
        "EBIT": 41,
        "Net Income": 12
    },
    "2016-12-31": {
        "Diluted EPS": 1.52,
        "Total Revenue": 925,
        "Gross Profit": 250,
        "Operating Income": 27,
        "EBIT": 48,
        "Net Income": 41
    },
    "2016-09-30": {
        "Diluted EPS": 0.4,
        "Total Revenue": 743,
        "Gross Profit": 205,
        "Operating Income": 16,
        "EBIT": 35,
        "Net Income": 11
    },
    "2016-06-30": {
        "Diluted EPS": 0.57,
        "Total Revenue": 730,
        "Gross Profit": 202,
        "Operating Income": 24,
        "EBIT": 43,
        "Net Income": 15
    },
    "2016-03-31": {
        "Diluted EPS": 0.75,
        "Total Revenue": 738,
        "Gross Profit": 207,
        "Operating Income": 31,
        "EBIT": 50,
        "Net Income": 20
    },
    "2015-12-31": {
        "Diluted EPS": 0.61,
        "Total Revenue": 734,
        "Gross Profit": 199,
        "Operating Income": 26,
        "EBIT": 44,
        "Net Income": 17
    },
    "2015-09-30": {
        "Diluted EPS": 0.48,
        "Total Revenue": 712,
        "Gross Profit": 194,
        "Operating Income": 20,
        "EBIT": 37,
        "Net Income": 13
    },
    "2015-06-30": {
        "Diluted EPS": 0.62,
        "Total Revenue": 718,
        "Gross Profit": 199,
        "Operating Income": 26,
        "EBIT": 43,
        "Net Income": 17
    },
    "2015-03-31": {
        "Diluted EPS": 0.5,
        "Total Revenue": 712,
        "Gross Profit": 195,
        "Operating Income": 20,
        "EBIT": 37,
        "Net Income": 13
    },
    "2014-12-31": {
        "Diluted EPS": 0.49,
        "Total Revenue": 714,
        "Gross Profit": 193,
        "Operating Income": 20,
        "EBIT": 37,
        "Net Income": 13
    },
    "2014-09-30": {
        "Diluted EPS": 0.5,
        "Total Revenue": 684,
        "Gross Profit": 186,
        "Operating Income": 20,
        "EBIT": 37,
        "Net Income": 14
    },
    "2014-06-30": {
        "Diluted EPS": 0.48,
        "Total Revenue": 692,
        "Gross Profit": 188,
        "Operating Income": 19,
        "EBIT": 36,
        "Net Income": 13
    },
    "2014-03-31": {
        "Diluted EPS": 0.55,
        "Total Revenue": 687,
        "Gross Profit": 187,
        "Operating Income": 22,
        "EBIT": 38,
        "Net Income": 15
    },
    "2013-12-31": {
        "Diluted EPS": 0.64,
        "Total Revenue": 686,
        "Gross Profit": 181,
        "Operating Income": 27,
        "EBIT": 43,
        "Net Income": 17
    },
    "2013-09-30": {
        "Diluted EPS": 0.43,
        "Total Revenue": 661,
        "Gross Profit": 183,
        "Operating Income": 18,
        "EBIT": 33,
        "Net Income": 12
    },
    "2013-06-30": {
        "Diluted EPS": 0.9,
        "Total Revenue": 662,
        "Gross Profit": 190,
        "Operating Income": 38,
        "EBIT": 52,
        "Net Income": 24
    },
    "2013-03-31": {
        "Diluted EPS": 0.75,
        "Total Revenue": 683,
        "Gross Profit": 191,
        "Operating Income": 31,
        "EBIT": 45,
        "Net Income": 20
    },
    "2012-12-31": {
        "Diluted EPS": 0.83,
        "Total Revenue": 694,
        "Gross Profit": 191,
        "Operating Income": 35,
        "EBIT": 48,
        "Net Income": 22
    },
    "2012-09-30": {
        "Diluted EPS": 0.64,
        "Total Revenue": 668,
        "Gross Profit": 181,
        "Operating Income": 26,
        "EBIT": 39,
        "Net Income": 17
    },
    "2012-06-30": {
        "Diluted EPS": 0.86,
        "Total Revenue": 677,
        "Gross Profit": 188,
        "Operating Income": 35,
        "EBIT": 48,
        "Net Income": 23
    },
    "2012-03-31": {
        "Diluted EPS": 0.74,
        "Total Revenue": 662,
        "Gross Profit": 183,
        "Operating Income": 30,
        "EBIT": 43,
        "Net Income": 20
    },
    "2011-12-31": {
        "Diluted EPS": 0.72,
        "Total Revenue": 738,
        "Gross Profit": 192,
        "Operating Income": 28,
        "EBIT": 44,
        "Net Income": 19
    },
    "2011-09-30": {
        "Diluted EPS": 0.63,
        "Total Revenue": 679,
        "Gross Profit": 183,
        "Operating Income": 26,
        "EBIT": 41,
        "Net Income": 17
    },
    "2011-06-30": {
        "Diluted EPS": 0.77,
        "Total Revenue": 677,
        "Gross Profit": 183,
        "Operating Income": 32,
        "EBIT": 46,
        "Net Income": 21
    },
    "2011-03-31": {
        "Diluted EPS": 0.69,
        "Total Revenue": 659,
        "Gross Profit": 179,
        "Operating Income": 28,
        "EBIT": 42,
        "Net Income": 19
    },
    "2010-12-31": {
        "Diluted EPS": 0.52,
        "Total Revenue": 662,
        "Gross Profit": 172,
        "Operating Income": 21,
        "EBIT": 35,
        "Net Income": 14
    },
    "2010-09-30": {
        "Diluted EPS": 0.61,
        "Total Revenue": 640,
        "Gross Profit": 178,
        "Operating Income": 25,
        "EBIT": 39,
        "Net Income": 16
    },
    "2010-06-30": {
        "Diluted EPS": 0.76,
        "Total Revenue": 654,
        "Gross Profit": 184,
        "Operating Income": 33,
        "EBIT": 46,
        "Net Income": 21
    },
    "2010-03-31": {
        "Diluted EPS": 0.65,
        "Total Revenue": 664,
        "Gross Profit": 180,
        "Operating Income": 27,
        "EBIT": 40,
        "Net Income": 17
    },
    "2009-12-31": {
        "Diluted EPS": 0.58,
        "Total Revenue": 671,
        "Gross Profit": 177,
        "Operating Income": 24,
        "EBIT": 38,
        "Net Income": 16
    },
    "2009-09-30": {
        "Diluted EPS": 0.58,
        "Total Revenue": 623,
        "Gross Profit": 171,
        "Operating Income": 24,
        "EBIT": 38,
        "Net Income": 16
    },
    "2009-06-30": {
        "Diluted EPS": 0.56,
        "Total Revenue": 615,
        "Gross Profit": 166,
        "Operating Income": 23,
        "EBIT": 36,
        "Net Income": 15
    },
    "2009-03-31": {
        "Diluted EPS": 0.61,
        "Total Revenue": 606,
        "Gross Profit": 164,
        "Operating Income": 25,
        "EBIT": 38,
        "Net Income": 17
    },
    "2023-06-30": {
        "Tax Effect Of Unusual Items": 687192.0,
        "Tax Rate For Calcs": 0.274,
        "Normalized EBITDA": 70531000.0,
        "Total Unusual Items": 2508000.0,
        "Total Unusual Items Excluding Goodwill": 2508000.0,
        "Net Income From Continuing Operation Net Minority Interest": 34265000.0,
        "Reconciled Depreciation": 27416000.0,
        "Reconciled Cost Of Revenue": 879650000.0,
        "EBIT": 45623000.0,
        "Normalized Income": 32444192.0,
        "Net Income From Continuing And Discontinued Operation": 34265000.0,
        "Total Expenses": 1133072000.0,
        "Total Operating Income As Reported": 45623000.0,
        "Diluted Average Shares": 26898443.0,
        "Basic Average Shares": 26898443.0,
        "Diluted EPS": 1.27,
        "Basic EPS": 1.27,
        "Diluted NI Availto Com Stockholders": 34265000.0,
        "Net Income Common Stockholders": 34265000.0,
        "Net Income": 34265000.0,
        "Net Income Including Noncontrolling Interests": 34265000.0,
        "Net Income Continuous Operations": 34265000.0,
        "Tax Provision": 12951000.0,
        "Pretax Income": 47216000.0,
        "Other Income Expense": 1593000.0,
        "Other Non Operating Income Expenses": -915000.0,
        "Gain On Sale Of Security": 2508000.0,
        "Operating Income": 45623000.0,
        "Operating Expense": 253422000.0,
        "Selling General And Administration": 253422000.0,
        "Gross Profit": 299045000.0,
        "Cost Of Revenue": 879650000.0,
        "Total Revenue": 1178695000.0,
        "Operating Revenue": 1178695000.0
    }
}