{
    "2023-06-30": {
        "Tax Effect Of Unusual Items": NaN,
        "Tax Rate For Calcs": NaN,
        "Normalized EBITDA": NaN,
        "Total Unusual Items": -2000.0,
        "Total Unusual Items Excluding Goodwill": -2000.0,
        "Net Income From Continuing Operation Net Minority Interest": NaN,
        "Reconciled Depreciation": NaN,
        "Reconciled Cost Of Revenue": NaN,
        "EBITDA": NaN,
        "EBIT": NaN,
        "Net Interest Income": NaN,
        "Interest Expense": NaN,
        "Normalized Income": NaN,
        "Net Income From Continuing And Discontinued Operation": NaN,
        "Total Expenses": NaN,
        "Total Operating Income As Reported": NaN,
        "Diluted Average Shares": NaN,
        "Basic Average Shares": NaN,
        "Diluted EPS": NaN,
        "Basic EPS": NaN,
        "Diluted NI Availto Com Stockholders": NaN,
        "Net Income Common Stockholders": NaN,
        "Net Income": NaN,
        "Minority Interests": NaN,
        "Net Income Including Noncontrolling Interests": NaN,
        "Net Income Continuous Operations": NaN,
        "Tax Provision": NaN,
        "Pretax Income": NaN,
        "Other Income Expense": NaN,
        "Other Non Operating Income Expenses": NaN,
        "Special Income Charges": -2000.0,
        "Impairment Of Capital Assets": 2000.0,
        "Earnings From Equity Interest": 0.0,
        "Net Non Operating Interest Income Expense": NaN,
        "Interest Expense Non Operating": NaN,
        "Operating Income": NaN,
        "Operating Expense": NaN,
        "Depreciation Amortization Depletion Income Statement": NaN,
        "Depreciation And Amortization In Income Statement": NaN,
        "Amortization": NaN,
        "Amortization Of Intangibles Income Statement": NaN,
        "Selling General And Administration": NaN,
        "Selling And Marketing Expense": NaN,
        "General And Administrative Expense": NaN,
        "Other Gand A": NaN,
        "Gross Profit": NaN,
        "Cost Of Revenue": NaN,
        "Total Revenue": NaN,
        "Operating Revenue": NaN
    },
    "2023-03-31": {
        "Tax Effect Of Unusual Items": NaN,
        "Tax Rate For Calcs": NaN,
        "Normalized EBITDA": NaN,
        "Total Unusual Items": 0.0,
        "Total Unusual Items Excluding Goodwill": 0.0,
        "Net Income From Continuing Operation Net Minority Interest": NaN,
        "Reconciled Depreciation": NaN,
        "Reconciled Cost Of Revenue": NaN,
        "EBITDA": NaN,
        "EBIT": NaN,
        "Net Interest Income": NaN,
        "Interest Expense": NaN,
        "Normalized Income": NaN,
        "Net Income From Continuing And Discontinued Operation": NaN,
        "Total Expenses": NaN,
        "Total Operating Income As Reported": NaN,
        "Diluted Average Shares": NaN,
        "Basic Average Shares": NaN,
        "Diluted EPS": NaN,
        "Basic EPS": NaN,
        "Diluted NI Availto Com Stockholders": NaN,
        "Net Income Common Stockholders": NaN,
        "Net Income": NaN,
        "Minority Interests": NaN,
        "Net Income Including Noncontrolling Interests": NaN,
        "Net Income Continuous Operations": NaN,
        "Tax Provision": NaN,
        "Pretax Income": NaN,
        "Other Income Expense": NaN,
        "Other Non Operating Income Expenses": NaN,
        "Special Income Charges": 0.0,
        "Impairment Of Capital Assets": 0.0,
        "Earnings From Equity Interest": 0.0,
        "Net Non Operating Interest Income Expense": NaN,
        "Interest Expense Non Operating": NaN,
        "Operating Income": NaN,
        "Operating Expense": NaN,
        "Depreciation Amortization Depletion Income Statement": NaN,
        "Depreciation And Amortization In Income Statement": NaN,
        "Amortization": NaN,
        "Amortization Of Intangibles Income Statement": NaN,
        "Selling General And Administration": NaN,
        "Selling And Marketing Expense": NaN,
        "General And Administrative Expense": NaN,
        "Other Gand A": NaN,
        "Gross Profit": NaN,
        "Cost Of Revenue": NaN,
        "Total Revenue": NaN,
        "Operating Revenue": NaN
    },
    "2022-12-31": {
        "Tax Effect Of Unusual Items": NaN,
        "Tax Rate For Calcs": NaN,
        "Normalized EBITDA": NaN,
        "Total Unusual Items": 7000.0,
        "Total Unusual Items Excluding Goodwill": 7000.0,
        "Net Income From Continuing Operation Net Minority Interest": NaN,
        "Reconciled Depreciation": NaN,
        "Reconciled Cost Of Revenue": NaN,
        "EBITDA": NaN,
        "EBIT": NaN,
        "Net Interest Income": NaN,
        "Interest Expense": NaN,
        "Normalized Income": NaN,
        "Net Income From Continuing And Discontinued Operation": NaN,
        "Total Expenses": NaN,
        "Total Operating Income As Reported": NaN,
        "Diluted Average Shares": NaN,
        "Basic Average Shares": NaN,
        "Diluted EPS": NaN,
        "Basic EPS": NaN,
        "Diluted NI Availto Com Stockholders": NaN,
        "Net Income Common Stockholders": NaN,
        "Net Income": NaN,
        "Minority Interests": NaN,
        "Net Income Including Noncontrolling Interests": NaN,
        "Net Income Continuous Operations": NaN,
        "Tax Provision": NaN,
        "Pretax Income": NaN,
        "Other Income Expense": NaN,
        "Other Non Operating Income Expenses": NaN,
        "Special Income Charges": 7000.0,
        "Impairment Of Capital Assets": -7000.0,
        "Earnings From Equity Interest": NaN,
        "Net Non Operating Interest Income Expense": NaN,
        "Interest Expense Non Operating": NaN,
        "Operating Income": NaN,
        "Operating Expense": NaN,
        "Depreciation Amortization Depletion Income Statement": NaN,
        "Depreciation And Amortization In Income Statement": NaN,
        "Amortization": NaN,
        "Amortization Of Intangibles Income Statement": NaN,
        "Selling General And Administration": NaN,
        "Selling And Marketing Expense": NaN,
        "General And Administrative Expense": NaN,
        "Other Gand A": NaN,
        "Gross Profit": NaN,
        "Cost Of Revenue": NaN,
        "Total Revenue": NaN,
        "Operating Revenue": NaN
    },
    "2022-09-30": {
        "Tax Effect Of Unusual Items": -81666.0,
        "Tax Rate For Calcs": 0.234,
        "Normalized EBITDA": 64986000.0,
        "Total Unusual Items": -349000.0,
        "Total Unusual Items Excluding Goodwill": -349000.0,
        "Net Income From Continuing Operation Net Minority Interest": 36170000.0,
        "Reconciled Depreciation": 11941000.0,
        "Reconciled Cost Of Revenue": 554388000.0,
        "EBITDA": 64637000.0,
        "EBIT": 52696000.0,
        "Net Interest Income": -5210000.0,
        "Interest Expense": 5210000.0,
        "Normalized Income": 36437334.0,
        "Net Income From Continuing And Discontinued Operation": 36170000.0,
        "Total Expenses": 601926000.0,
        "Total Operating Income As Reported": 52875000.0,
        "Diluted Average Shares": 49402000.0,
        "Basic Average Shares": 48515000.0,
        "Diluted EPS": 0.73,
        "Basic EPS": 0.75,
        "Diluted NI Availto Com Stockholders": 36170000.0,
        "Net Income Common Stockholders": 36170000.0,
        "Net Income": 36170000.0,
        "Minority Interests": -186000.0,
        "Net Income Including Noncontrolling Interests": 36356000.0,
        "Net Income Continuous Operations": 36356000.0,
        "Tax Provision": 11130000.0,
        "Pretax Income": 47486000.0,
        "Other Income Expense": -528000.0,
        "Other Non Operating Income Expenses": -179000.0,
        "Special Income Charges": -349000.0,
        "Impairment Of Capital Assets": 349000.0,
        "Net Non Operating Interest Income Expense": -5210000.0,
        "Interest Expense Non Operating": 5210000.0,
        "Operating Income": 53224000.0,
        "Operating Expense": 38781000.0,
        "Depreciation Amortization Depletion Income Statement": 3184000.0,
        "Depreciation And Amortization In Income Statement": 3184000.0,
        "Amortization": 3184000.0,
        "Amortization Of Intangibles Income Statement": 3184000.0,
        "Selling General And Administration": 35597000.0,
        "Selling And Marketing Expense": 7752000.0,
        "General And Administrative Expense": 27845000.0,
        "Other Gand A": 27845000.0,
        "Gross Profit": 92005000.0,
        "Cost Of Revenue": 563145000.0,
        "Total Revenue": 655150000.0,
        "Operating Revenue": 655150000.0
    },
    "2022-06-30": {
        "Tax Effect Of Unusual Items": -753.0,
        "Tax Rate For Calcs": 0.251,
        "Normalized EBITDA": 47644000.0,
        "Total Unusual Items": -3000.0,
        "Total Unusual Items Excluding Goodwill": -3000.0,
        "Net Income From Continuing Operation Net Minority Interest": 22552000.0,
        "Reconciled Depreciation": 12060000.0,
        "Reconciled Cost Of Revenue": 556478000.0,
        "EBITDA": 47641000.0,
        "EBIT": 35581000.0,
        "Net Interest Income": -5218000.0,
        "Interest Expense": 5218000.0,
        "Normalized Income": 22554247.0,
        "Net Income From Continuing And Discontinued Operation": 22552000.0,
        "Total Expenses": 606858000.0,
        "Total Operating Income As Reported": 35908000.0,
        "Diluted Average Shares": 49535000.0,
        "Basic Average Shares": 49034000.0,
        "Diluted EPS": 0.46,
        "Basic EPS": 0.46,
        "Diluted NI Availto Com Stockholders": 22552000.0,
        "Net Income Common Stockholders": 22552000.0,
        "Net Income": 22552000.0,
        "Minority Interests": -187000.0,
        "Net Income Including Noncontrolling Interests": 22739000.0,
        "Net Income Continuous Operations": 22739000.0,
        "Tax Provision": 7624000.0,
        "Pretax Income": 30363000.0,
        "Other Income Expense": -330000.0,
        "Other Non Operating Income Expenses": -327000.0,
        "Special Income Charges": -3000.0,
        "Impairment Of Capital Assets": 3000.0,
        "Net Non Operating Interest Income Expense": -5218000.0,
        "Interest Expense Non Operating": 5218000.0,
        "Operating Income": 35911000.0,
        "Operating Expense": 42123000.0,
        "Depreciation Amortization Depletion Income Statement": 3803000.0,
        "Depreciation And Amortization In Income Statement": 3803000.0,
        "Amortization": 3803000.0,
        "Amortization Of Intangibles Income Statement": 3803000.0,
        "Selling General And Administration": 38320000.0,
        "Selling And Marketing Expense": 7376000.0,
        "General And Administrative Expense": 30944000.0,
        "Other Gand A": 30944000.0,
        "Gross Profit": 78034000.0,
        "Cost Of Revenue": 564735000.0,
        "Total Revenue": 642769000.0,
        "Operating Revenue": 642769000.0
    },
    "2022-03-31": {
        "Diluted EPS": 0.24,
        "Total Revenue": 547,
        "Gross Profit": 58,
        "Operating Income": 20,
        "EBIT": 33,
        "Net Income": 12
    },
    "2021-12-31": {
        "Diluted EPS": -0.5,
        "Total Revenue": 479,
        "Gross Profit": 43,
        "Operating Income": -19,
        "EBIT": -7,
        "Net Income": -25
    },
    "2021-09-30": {
        "Diluted EPS": 0.22,
        "Total Revenue": 483,
        "Gross Profit": 51,
        "Operating Income": 18,
        "EBIT": 30,
        "Net Income": 11
    },
    "2021-06-30": {
        "Diluted EPS": 0.24,
        "Total Revenue": 449,
        "Gross Profit": 56,
        "Operating Income": 23,
        "EBIT": 36,
        "Net Income": 12
    },
    "2021-03-31": {
        "Diluted EPS": 0.06,
        "Total Revenue": 392,
        "Gross Profit": 47,
        "Operating Income": 11,
        "EBIT": 23,
        "Net Income": 3
    },
    "2020-12-31": {
        "Diluted EPS": 0.1,
        "Total Revenue": 404,
        "Gross Profit": 45,
        "Operating Income": 10,
        "EBIT": 23,
        "Net Income": 5
    },
    "2020-09-30": {
        "Diluted EPS": 0.07,
        "Total Revenue": 352,
        "Gross Profit": 43,
        "Operating Income": 8,
        "EBIT": 21,
        "Net Income": 4
    },
    "2020-06-30": {
        "Diluted EPS": 0.0,
        "Total Revenue": 339,
        "Gross Profit": 34,
        "Operating Income": 6,
        "EBIT": -90,
        "Net Income": 0
    },
    "2020-03-31": {
        "Diluted EPS": -2.01,
        "Total Revenue": 387,
        "Gross Profit": 37,
        "Operating Income": -110,
        "EBIT": 8,
        "Net Income": -107
    },
    "2019-12-31": {
        "Diluted EPS": 0.33,
        "Total Revenue": 579,
        "Gross Profit": 72,
        "Operating Income": 32,
        "EBIT": 43,
        "Net Income": 18
    },
    "2019-09-30": {
        "Diluted EPS": 0.46,
        "Total Revenue": 581,
        "Gross Profit": 78,
        "Operating Income": 38,
        "EBIT": 49,
        "Net Income": 25
    },
    "2019-06-30": {
        "Diluted EPS": 0.56,
        "Total Revenue": 626,
        "Gross Profit": 88,
        "Operating Income": 48,
        "EBIT": 58,
        "Net Income": 31
    },
    "2019-03-31": {
        "Diluted EPS": 0.27,
        "Total Revenue": 533,
        "Gross Profit": 69,
        "Operating Income": 25,
        "EBIT": 36,
        "Net Income": 15
    },
    "2018-12-31": {
        "Diluted EPS": 0.22,
        "Total Revenue": 610,
        "Gross Profit": 69,
        "Operating Income": 23,
        "EBIT": 46,
        "Net Income": 12
    },
    "2018-09-30": {
        "Diluted EPS": 0.08,
        "Total Revenue": 553,
        "Gross Profit": 65,
        "Operating Income": 17,
        "EBIT": 39,
        "Net Income": 5
    },
    "2018-06-30": {
        "Diluted EPS": 0.54,
        "Total Revenue": 613,
        "Gross Profit": 85,
        "Operating Income": 46,
        "EBIT": 56,
        "Net Income": 32
    },
    "2018-03-31": {
        "Diluted EPS": 0.35,
        "Total Revenue": 491,
        "Gross Profit": 64,
        "Operating Income": 26,
        "EBIT": 36,
        "Net Income": 21
    },
    "2017-12-31": {
        "Diluted EPS": 0.8,
        "Total Revenue": 543,
        "Gross Profit": 73,
        "Operating Income": 35,
        "EBIT": 45,
        "Net Income": 49
    },
    "2017-09-30": {
        "Diluted EPS": 0.3,
        "Total Revenue": 425,
        "Gross Profit": 61,
        "Operating Income": 27,
        "EBIT": 35,
        "Net Income": 19
    },
    "2017-06-30": {
        "Diluted EPS": 0.36,
        "Total Revenue": 436,
        "Gross Profit": 68,
        "Operating Income": 39,
        "EBIT": 47,
        "Net Income": 23
    },
    "2017-03-31": {
        "Diluted EPS": 0.32,
        "Total Revenue": 363,
        "Gross Profit": 59,
        "Operating Income": 30,
        "EBIT": 39,
        "Net Income": 20
    },
    "2016-12-31": {
        "Diluted EPS": 0.36,
        "Total Revenue": 462,
        "Gross Profit": 71,
        "Operating Income": 41,
        "EBIT": 50,
        "Net Income": 23
    },
    "2016-09-30": {
        "Diluted EPS": 0.51,
        "Total Revenue": 464,
        "Gross Profit": 83,
        "Operating Income": 55,
        "EBIT": 64,
        "Net Income": 33
    },
    "2016-06-30": {
        "Diluted EPS": 0.53,
        "Total Revenue": 471,
        "Gross Profit": 91,
        "Operating Income": 59,
        "EBIT": 70,
        "Net Income": 36
    },
    "2016-03-31": {
        "Diluted EPS": 0.42,
        "Total Revenue": 448,
        "Gross Profit": 80,
        "Operating Income": 48,
        "EBIT": 57,
        "Net Income": 28
    },
    "2015-12-31": {
        "Diluted EPS": 0.47,
        "Total Revenue": 544,
        "Gross Profit": 88,
        "Operating Income": 55,
        "EBIT": 65,
        "Net Income": 33
    },
    "2015-09-30": {
        "Diluted EPS": 0.47,
        "Total Revenue": 531,
        "Gross Profit": 86,
        "Operating Income": 56,
        "EBIT": 66,
        "Net Income": 32
    },
    "2015-06-30": {
        "Diluted EPS": 0.41,
        "Total Revenue": 515,
        "Gross Profit": 72,
        "Operating Income": 42,
        "EBIT": 52,
        "Net Income": 29
    },
    "2015-03-31": {
        "Diluted EPS": 0.15,
        "Total Revenue": 438,
        "Gross Profit": 57,
        "Operating Income": 27,
        "EBIT": 37,
        "Net Income": 10
    },
    "2014-12-31": {
        "Diluted EPS": 0.27,
        "Total Revenue": 527,
        "Gross Profit": 63,
        "Operating Income": 34,
        "EBIT": 44,
        "Net Income": 19
    },
    "2014-09-30": {
        "Diluted EPS": 0.25,
        "Total Revenue": 492,
        "Gross Profit": 62,
        "Operating Income": 35,
        "EBIT": 45,
        "Net Income": 18
    },
    "2014-06-30": {
        "Diluted EPS": 0.23,
        "Total Revenue": 486,
        "Gross Profit": 62,
        "Operating Income": 34,
        "EBIT": 44,
        "Net Income": 16
    },
    "2014-03-31": {
        "Diluted EPS": 0.1,
        "Total Revenue": 358,
        "Gross Profit": 47,
        "Operating Income": 19,
        "EBIT": 29,
        "Net Income": 7
    },
    "2013-12-31": {
        "Diluted EPS": 0.16,
        "Total Revenue": 458,
        "Gross Profit": 53,
        "Operating Income": 24,
        "EBIT": 34,
        "Net Income": 11
    },
    "2013-09-30": {
        "Diluted EPS": 0.23,
        "Total Revenue": 440,
        "Gross Profit": 61,
        "Operating Income": 34,
        "EBIT": 43,
        "Net Income": 16
    },
    "2013-06-30": {
        "Diluted EPS": 0.2,
        "Total Revenue": 413,
        "Gross Profit": 59,
        "Operating Income": 30,
        "EBIT": 40,
        "Net Income": 14
    },
    "2013-03-31": {
        "Diluted EPS": 0.08,
        "Total Revenue": 324,
        "Gross Profit": 42,
        "Operating Income": 15,
        "EBIT": 25,
        "Net Income": 6
    },
    "2012-12-31": {
        "Diluted EPS": 1.16,
        "Total Revenue": 416,
        "Gross Profit": 54,
        "Operating Income": 29,
        "EBIT": 37,
        "Net Income": 79
    },
    "2012-09-30": {
        "Diluted EPS": 0.27,
        "Total Revenue": 406,
        "Gross Profit": 50,
        "Operating Income": 27,
        "EBIT": 34,
        "Net Income": 18
    },
    "2012-06-30": {
        "Diluted EPS": 0.03,
        "Total Revenue": 362,
        "Gross Profit": 40,
        "Operating Income": 9,
        "EBIT": 16,
        "Net Income": 2
    },
    "2012-03-31": {
        "Diluted EPS": 0.07,
        "Total Revenue": 278,
        "Gross Profit": 20,
        "Operating Income": 5,
        "EBIT": 9,
        "Net Income": 5
    },
    "2011-12-31": {
        "Diluted EPS": 0.1,
        "Total Revenue": 342,
        "Gross Profit": 21,
        "Operating Income": 8,
        "EBIT": 12,
        "Net Income": 7
    },
    "2011-09-30": {
        "Diluted EPS": 0.02,
        "Total Revenue": 336,
        "Gross Profit": 13,
        "Operating Income": 2,
        "EBIT": 6,
        "Net Income": 1
    },
    "2011-06-30": {
        "Diluted EPS": 0.05,
        "Total Revenue": 287,
        "Gross Profit": 16,
        "Operating Income": 5,
        "EBIT": 9,
        "Net Income": 3
    },
    "2011-03-31": {
        "Diluted EPS": 0.05,
        "Total Revenue": 222,
        "Gross Profit": 17,
        "Operating Income": 4,
        "EBIT": 8,
        "Net Income": 3
    },
    "2010-12-31": {
        "Diluted EPS": 2.03,
        "Total Revenue": 242,
        "Gross Profit": 17,
        "Operating Income": 6,
        "EBIT": 10,
        "Net Income": 5
    },
    "2010-09-30": {
        "Diluted EPS": -0.03,
        "Total Revenue": 171,
        "Gross Profit": 6,
        "Operating Income": -4,
        "EBIT": 0,
        "Net Income": -2
    },
    "2010-06-30": {
        "Diluted EPS": -0.72,
        "Total Revenue": 150,
        "Gross Profit": 5,
        "Operating Income": -6,
        "EBIT": -1,
        "Net Income": -29
    },
    "2010-03-31": {
        "Diluted EPS": -4.64,
        "Total Revenue": 78,
        "Gross Profit": -1,
        "Operating Income": -11,
        "EBIT": -7,
        "Net Income": -141
    },
    "2009-12-31": {
        "Diluted EPS": 0.28,
        "Total Revenue": 85,
        "Gross Profit": -2,
        "Operating Income": -12,
        "EBIT": -7,
        "Net Income": 9
    },
    "2009-09-30": {
        "Diluted EPS": -2.23,
        "Total Revenue": 88,
        "Gross Profit": 0,
        "Operating Income": -10,
        "EBIT": -5,
        "Net Income": -68
    },
    "2009-06-30": {
        "Diluted EPS": -0.59,
        "Total Revenue": 86,
        "Gross Profit": -5,
        "Operating Income": -17,
        "EBIT": -12,
        "Net Income": -18
    },
    "2009-03-31": {
        "Diluted EPS": -0.94,
        "Total Revenue": 78,
        "Gross Profit": -15,
        "Operating Income": -27,
        "EBIT": -23,
        "Net Income": -28
    },
    "2023-09-30": {
        "Tax Effect Of Unusual Items": -36162.0,
        "Tax Rate For Calcs": 0.246,
        "Normalized EBITDA": 91147000.0,
        "Total Unusual Items": -147000.0,
        "Total Unusual Items Excluding Goodwill": -147000.0,
        "Net Income From Continuing Operation Net Minority Interest": 55329000.0,
        "Reconciled Depreciation": 12519000.0,
        "Reconciled Cost Of Revenue": 500603000.0,
        "EBITDA": 91000000.0,
        "EBIT": 78481000.0,
        "Net Interest Income": -4932000.0,
        "Interest Expense": 4932000.0,
        "Normalized Income": 55439838.0,
        "Net Income From Continuing And Discontinued Operation": 55329000.0,
        "Total Expenses": 555044000.0,
        "Total Operating Income As Reported": 77637000.0,
        "Diluted Average Shares": 47755000.0,
        "Basic Average Shares": 46906000.0,
        "Diluted EPS": 1.16,
        "Basic EPS": 1.18,
        "Diluted NI Availto Com Stockholders": 55329000.0,
        "Net Income Common Stockholders": 55329000.0,
        "Net Income": 55329000.0,
        "Minority Interests": -152000.0,
        "Net Income Including Noncontrolling Interests": 55481000.0,
        "Net Income Continuous Operations": 55481000.0,
        "Tax Provision": 18068000.0,
        "Pretax Income": 73549000.0,
        "Other Income Expense": 697000.0,
        "Other Non Operating Income Expenses": 844000.0,
        "Special Income Charges": -147000.0,
        "Impairment Of Capital Assets": 147000.0,
        "Earnings From Equity Interest": 0.0,
        "Net Non Operating Interest Income Expense": -4932000.0,
        "Interest Expense Non Operating": 4932000.0,
        "Operating Income": 77784000.0,
        "Operating Expense": 45126000.0,
        "Depreciation Amortization Depletion Income Statement": 3204000.0,
        "Depreciation And Amortization In Income Statement": 3204000.0,
        "Amortization": 3204000.0,
        "Amortization Of Intangibles Income Statement": 3204000.0,
        "Selling General And Administration": 41922000.0,
        "Selling And Marketing Expense": 6086000.0,
        "General And Administrative Expense": 35836000.0,
        "Other Gand A": 35836000.0,
        "Gross Profit": 122910000.0,
        "Cost Of Revenue": 509918000.0,
        "Total Revenue": 632828000.0,
        "Operating Revenue": 632828000.0
    },
    "2023-12-31": {
        "Tax Effect Of Unusual Items": -9861.09212,
        "Tax Rate For Calcs": 0.114664,
        "Normalized EBITDA": 74707000.0,
        "Total Unusual Items": -86000.0,
        "Total Unusual Items Excluding Goodwill": -86000.0,
        "Net Income From Continuing Operation Net Minority Interest": 50382000.0,
        "Reconciled Depreciation": 12635000.0,
        "Reconciled Cost Of Revenue": 478445000.0,
        "EBITDA": 74621000.0,
        "EBIT": 61986000.0,
        "Net Interest Income": -4941000.0,
        "Interest Expense": 4941000.0,
        "Normalized Income": 50458138.90788,
        "Net Income From Continuing And Discontinued Operation": 50382000.0,
        "Total Expenses": 534912000.0,
        "Total Operating Income As Reported": 61102000.0,
        "Diluted Average Shares": 46931000.0,
        "Basic Average Shares": 45938000.0,
        "Diluted EPS": 1.07,
        "Basic EPS": 1.1,
        "Diluted NI Availto Com Stockholders": 50382000.0,
        "Net Income Common Stockholders": 50382000.0,
        "Net Income": 50382000.0,
        "Minority Interests": -122000.0,
        "Net Income Including Noncontrolling Interests": 50504000.0,
        "Net Income Continuous Operations": 50504000.0,
        "Tax Provision": 6541000.0,
        "Pretax Income": 57045000.0,
        "Other Income Expense": 798000.0,
        "Other Non Operating Income Expenses": 1687000.0,
        "Special Income Charges": -86000.0,
        "Impairment Of Capital Assets": 86000.0,
        "Earnings From Equity Interest": NaN,
        "Net Non Operating Interest Income Expense": -4941000.0,
        "Interest Expense Non Operating": 4941000.0,
        "Operating Income": 61188000.0,
        "Operating Expense": 47035000.0,
        "Depreciation Amortization Depletion Income Statement": 3203000.0,
        "Depreciation And Amortization In Income Statement": 3203000.0,
        "Amortization": 3203000.0,
        "Amortization Of Intangibles Income Statement": 3203000.0,
        "Selling General And Administration": 43832000.0,
        "Selling And Marketing Expense": 6368000.0,
        "General And Administrative Expense": 37464000.0,
        "Other Gand A": 37464000.0,
        "Gross Profit": 108223000.0,
        "Cost Of Revenue": 487877000.0,
        "Total Revenue": 596100000.0,
        "Operating Revenue": 596100000.0
    },
    "2024-03-31": {
        "Tax Effect Of Unusual Items": 0.0,
        "Tax Rate For Calcs": 0.26,
        "Normalized EBITDA": 42434000.0,
        "Total Unusual Items": NaN,
        "Total Unusual Items Excluding Goodwill": NaN,
        "Net Income From Continuing Operation Net Minority Interest": 18167000.0,
        "Reconciled Depreciation": 12736000.0,
        "Reconciled Cost Of Revenue": 429250000.0,
        "EBITDA": 42434000.0,
        "EBIT": 29698000.0,
        "Net Interest Income": -4988000.0,
        "Interest Expense": 4988000.0,
        "Normalized Income": 18167000.0,
        "Net Income From Continuing And Discontinued Operation": 18167000.0,
        "Total Expenses": 485701000.0,
        "Total Operating Income As Reported": 29575000.0,
        "Diluted Average Shares": 46254000.0,
        "Basic Average Shares": 45383000.0,
        "Diluted EPS": 0.39,
        "Basic EPS": 0.4,
        "Diluted NI Availto Com Stockholders": 18167000.0,
        "Net Income Common Stockholders": 18167000.0,
        "Net Income": 18167000.0,
        "Minority Interests": -120000.0,
        "Net Income Including Noncontrolling Interests": 18287000.0,
        "Net Income Continuous Operations": 18287000.0,
        "Tax Provision": 6423000.0,
        "Pretax Income": 24710000.0,
        "Other Income Expense": 123000.0,
        "Other Non Operating Income Expenses": 1609000.0,
        "Special Income Charges": NaN,
        "Impairment Of Capital Assets": NaN,
        "Earnings From Equity Interest": -1486000.0,
        "Net Non Operating Interest Income Expense": -4988000.0,
        "Interest Expense Non Operating": 4988000.0,
        "Operating Income": 29575000.0,
        "Operating Expense": 46871000.0,
        "Depreciation Amortization Depletion Income Statement": 3156000.0,
        "Depreciation And Amortization In Income Statement": 3156000.0,
        "Amortization": 3156000.0,
        "Amortization Of Intangibles Income Statement": 3156000.0,
        "Selling General And Administration": 43715000.0,
        "Selling And Marketing Expense": 7042000.0,
        "General And Administrative Expense": 36673000.0,
        "Other Gand A": 36673000.0,
        "Gross Profit": 76446000.0,
        "Cost Of Revenue": 438830000.0,
        "Total Revenue": 515276000.0,
        "Operating Revenue": 515276000.0
    },
    "2024-06-30": {
        "Tax Effect Of Unusual Items": -250247.0,
        "Tax Rate For Calcs": 0.251,
        "Normalized EBITDA": 58636000.0,
        "Total Unusual Items": -997000.0,
        "Total Unusual Items Excluding Goodwill": -997000.0,
        "Net Income From Continuing Operation Net Minority Interest": 28958000.0,
        "Reconciled Depreciation": 13719000.0,
        "Reconciled Cost Of Revenue": 450226000.0,
        "EBITDA": 57639000.0,
        "EBIT": 43920000.0,
        "Net Interest Income": -4948000.0,
        "Interest Expense": 4948000.0,
        "Normalized Income": 29704753.0,
        "Net Income From Continuing And Discontinued Operation": 28958000.0,
        "Total Expenses": 505850000.0,
        "Total Operating Income As Reported": 43763000.0,
        "Diluted Average Shares": 45365000.0,
        "Basic Average Shares": 44896000.0,
        "Diluted EPS": 0.64,
        "Basic EPS": 0.65,
        "Diluted NI Availto Com Stockholders": 28958000.0,
        "Net Income Common Stockholders": 28958000.0,
        "Net Income": 28958000.0,
        "Minority Interests": -246000.0,
        "Net Income Including Noncontrolling Interests": 29204000.0,
        "Net Income Continuous Operations": 29204000.0,
        "Tax Provision": 9768000.0,
        "Pretax Income": 38972000.0,
        "Other Income Expense": -840000.0,
        "Other Non Operating Income Expenses": 1572000.0,
        "Special Income Charges": -997000.0,
        "Impairment Of Capital Assets": 997000.0,
        "Earnings From Equity Interest": -1415000.0,
        "Net Non Operating Interest Income Expense": -4948000.0,
        "Interest Expense Non Operating": 4948000.0,
        "Operating Income": 44760000.0,
        "Operating Expense": 44898000.0,
        "Depreciation Amortization Depletion Income Statement": 2993000.0,
        "Depreciation And Amortization In Income Statement": 2993000.0,
        "Amortization": 2993000.0,
        "Amortization Of Intangibles Income Statement": 2993000.0,
        "Selling General And Administration": 41905000.0,
        "Selling And Marketing Expense": 7936000.0,
        "General And Administrative Expense": 33969000.0,
        "Other Gand A": 33969000.0,
        "Gross Profit": 89658000.0,
        "Cost Of Revenue": 460952000.0,
        "Total Revenue": 550610000.0,
        "Operating Revenue": 550610000.0
    },
    "2024-09-30": {
        "Tax Effect Of Unusual Items": 12597.0,
        "Tax Rate For Calcs": 0.247,
        "Normalized EBITDA": -419433000.0,
        "Total Unusual Items": 51000.0,
        "Total Unusual Items Excluding Goodwill": 51000.0,
        "Net Income From Continuing Operation Net Minority Interest": -330166000.0,
        "Reconciled Depreciation": 13939000.0,
        "Reconciled Cost Of Revenue": 397004000.0,
        "EBITDA": -419382000.0,
        "EBIT": -433321000.0,
        "Net Interest Income": -4958000.0,
        "Interest Expense": 4958000.0,
        "Normalized Income": -330204403.0,
        "Net Income From Continuing And Discontinued Operation": -330166000.0,
        "Total Expenses": 897119000.0,
        "Total Operating Income As Reported": -433028000.0,
        "Diluted Average Shares": 43832000.0,
        "Basic Average Shares": 43832000.0,
        "Diluted EPS": -7.53,
        "Basic EPS": -7.53,
        "Diluted NI Availto Com Stockholders": -330166000.0,
        "Net Income Common Stockholders": -330166000.0,
        "Net Income": -330166000.0,
        "Minority Interests": -293000.0,
        "Net Income Including Noncontrolling Interests": -329873000.0,
        "Net Income Continuous Operations": -329873000.0,
        "Tax Provision": -108406000.0,
        "Pretax Income": -438279000.0,
        "Other Income Expense": -242000.0,
        "Other Non Operating Income Expenses": 1384000.0,
        "Special Income Charges": 51000.0,
        "Impairment Of Capital Assets": -51000.0,
        "Earnings From Equity Interest": -1677000.0,
        "Net Non Operating Interest Income Expense": -4958000.0,
        "Interest Expense Non Operating": 4958000.0,
        "Operating Income": -433079000.0,
        "Operating Expense": 489088000.0,
        "Depreciation Amortization Depletion Income Statement": 2912000.0,
        "Depreciation And Amortization In Income Statement": 2912000.0,
        "Amortization": 2912000.0,
        "Amortization Of Intangibles Income Statement": 2912000.0,
        "Selling General And Administration": 486176000.0,
        "Selling And Marketing Expense": 7125000.0,
        "General And Administrative Expense": 479051000.0,
        "Other Gand A": 479051000.0,
        "Gross Profit": 56009000.0,
        "Cost Of Revenue": 408031000.0,
        "Total Revenue": 464040000.0,
        "Operating Revenue": 464040000.0
    }
}