{
    "2023-06-30": {
        "Tax Effect Of Unusual Items": 0.0,
        "Tax Rate For Calcs": 0.203057,
        "Total Unusual Items": 0.0,
        "Total Unusual Items Excluding Goodwill": 0.0,
        "Net Income From Continuing Operation Net Minority Interest": 2763000.0,
        "Reconciled Depreciation": 642000.0,
        "Net Interest Income": 16846000.0,
        "Interest Expense": 7963000.0,
        "Interest Income": 24809000.0,
        "Normalized Income": 2763000.0,
        "Net Income From Continuing And Discontinued Operation": 2763000.0,
        "Diluted Average Shares": 21648235.0,
        "Basic Average Shares": 21634683.0,
        "Diluted EPS": 0.13,
        "Basic EPS": 0.13,
        "Diluted NI Availto Com Stockholders": 2763000.0,
        "Net Income Common Stockholders": 2763000.0,
        "Net Income": 2763000.0,
        "Net Income Including Noncontrolling Interests": 2763000.0,
        "Net Income Continuous Operations": 2763000.0,
        "Tax Provision": 704000.0,
        "Pretax Income": 3467000.0,
        "Special Income Charges": 0.0,
        "Other Special Charges": NaN,
        "Gain On Sale Of Security": 0.0,
        "Selling General And Administration": 8718000.0,
        "Selling And Marketing Expense": 339000.0,
        "General And Administrative Expense": 8379000.0,
        "Insurance And Claims": 290000.0,
        "Salaries And Wages": 8089000.0,
        "Total Revenue": 17910000.0,
        "Operating Revenue": 17910000.0,
        "Occupancy And Equipment": 1695000.0,
        "Professional Expense And Contract Services Expense": 803000.0,
        "Other Non Interest Expense": 2807000.0
    },
    "2023-03-31": {
        "Tax Effect Of Unusual Items": 0.0,
        "Tax Rate For Calcs": 0.24,
        "Total Unusual Items": 0.0,
        "Total Unusual Items Excluding Goodwill": 0.0,
        "Net Income From Continuing Operation Net Minority Interest": 5304000.0,
        "Reconciled Depreciation": 656000.0,
        "Net Interest Income": 18504000.0,
        "Interest Expense": 5134000.0,
        "Interest Income": 23638000.0,
        "Normalized Income": 5304000.0,
        "Net Income From Continuing And Discontinued Operation": 5304000.0,
        "Diluted Average Shares": 21716869.0,
        "Basic Average Shares": 21699042.0,
        "Diluted EPS": 0.24,
        "Basic EPS": 0.24,
        "Diluted NI Availto Com Stockholders": 5304000.0,
        "Net Income Common Stockholders": 5304000.0,
        "Net Income": 5304000.0,
        "Net Income Including Noncontrolling Interests": 5304000.0,
        "Net Income Continuous Operations": 5304000.0,
        "Tax Provision": 1671000.0,
        "Pretax Income": 6975000.0,
        "Special Income Charges": 0.0,
        "Other Special Charges": NaN,
        "Gain On Sale Of Security": 352000.0,
        "Selling General And Administration": 9200000.0,
        "Selling And Marketing Expense": 417000.0,
        "General And Administrative Expense": 8783000.0,
        "Insurance And Claims": 352000.0,
        "Salaries And Wages": 8431000.0,
        "Total Revenue": 21483000.0,
        "Operating Revenue": 21483000.0,
        "Occupancy And Equipment": 1834000.0,
        "Professional Expense And Contract Services Expense": 757000.0,
        "Other Non Interest Expense": 3105000.0
    },
    "2022-12-31": {
        "Tax Effect Of Unusual Items": NaN,
        "Tax Rate For Calcs": NaN,
        "Total Unusual Items": 0.0,
        "Total Unusual Items Excluding Goodwill": 0.0,
        "Net Income From Continuing Operation Net Minority Interest": NaN,
        "Reconciled Depreciation": NaN,
        "Net Interest Income": NaN,
        "Interest Expense": NaN,
        "Interest Income": NaN,
        "Normalized Income": NaN,
        "Net Income From Continuing And Discontinued Operation": NaN,
        "Diluted Average Shares": NaN,
        "Basic Average Shares": NaN,
        "Diluted EPS": NaN,
        "Basic EPS": NaN,
        "Diluted NI Availto Com Stockholders": NaN,
        "Net Income Common Stockholders": NaN,
        "Net Income": NaN,
        "Net Income Including Noncontrolling Interests": NaN,
        "Net Income Continuous Operations": NaN,
        "Tax Provision": NaN,
        "Pretax Income": NaN,
        "Special Income Charges": 0.0,
        "Other Special Charges": NaN,
        "Gain On Sale Of Security": NaN,
        "Selling General And Administration": NaN,
        "Selling And Marketing Expense": NaN,
        "General And Administrative Expense": NaN,
        "Insurance And Claims": NaN,
        "Salaries And Wages": NaN,
        "Total Revenue": NaN,
        "Operating Revenue": NaN,
        "Occupancy And Equipment": NaN,
        "Professional Expense And Contract Services Expense": NaN,
        "Other Non Interest Expense": NaN
    },
    "2022-09-30": {
        "Tax Effect Of Unusual Items": NaN,
        "Tax Rate For Calcs": NaN,
        "Total Unusual Items": NaN,
        "Total Unusual Items Excluding Goodwill": NaN,
        "Net Income From Continuing Operation Net Minority Interest": NaN,
        "Reconciled Depreciation": NaN,
        "Net Interest Income": NaN,
        "Interest Expense": NaN,
        "Interest Income": NaN,
        "Normalized Income": NaN,
        "Net Income From Continuing And Discontinued Operation": NaN,
        "Diluted Average Shares": NaN,
        "Basic Average Shares": NaN,
        "Diluted EPS": NaN,
        "Basic EPS": NaN,
        "Diluted NI Availto Com Stockholders": NaN,
        "Net Income Common Stockholders": NaN,
        "Net Income": NaN,
        "Net Income Including Noncontrolling Interests": NaN,
        "Net Income Continuous Operations": NaN,
        "Tax Provision": NaN,
        "Pretax Income": NaN,
        "Special Income Charges": NaN,
        "Other Special Charges": NaN,
        "Gain On Sale Of Security": NaN,
        "Selling General And Administration": NaN,
        "Selling And Marketing Expense": NaN,
        "General And Administrative Expense": NaN,
        "Other Gand A": 707000.0,
        "Insurance And Claims": NaN,
        "Salaries And Wages": NaN,
        "Total Revenue": NaN,
        "Operating Revenue": NaN
    },
    "2022-06-30": {
        "Tax Effect Of Unusual Items": 0.0,
        "Tax Rate For Calcs": 0.252,
        "Total Unusual Items": 0.0,
        "Total Unusual Items Excluding Goodwill": 0.0,
        "Net Income From Continuing Operation Net Minority Interest": 5535000.0,
        "Reconciled Depreciation": 673000.0,
        "Net Interest Income": 19392000.0,
        "Interest Expense": 1254000.0,
        "Interest Income": 20646000.0,
        "Normalized Income": 5535000.0,
        "Net Income From Continuing And Discontinued Operation": 5535000.0,
        "Diluted Average Shares": 22025687.0,
        "Basic Average Shares": 21991383.0,
        "Diluted EPS": 0.25,
        "Basic EPS": 0.25,
        "Diluted NI Availto Com Stockholders": 5535000.0,
        "Net Income Common Stockholders": 5535000.0,
        "Net Income": 5535000.0,
        "Net Income Including Noncontrolling Interests": 5535000.0,
        "Net Income Continuous Operations": 5535000.0,
        "Tax Provision": 1865000.0,
        "Pretax Income": 7400000.0,
        "Special Income Charges": 0.0,
        "Gain On Sale Of Security": -84000.0,
        "Selling General And Administration": 9613000.0,
        "Selling And Marketing Expense": 412000.0,
        "General And Administrative Expense": 9201000.0,
        "Other Gand A": 731000.0,
        "Insurance And Claims": 234000.0,
        "Salaries And Wages": 8236000.0,
        "Total Revenue": 22133000.0,
        "Operating Revenue": 22133000.0
    },
    "2022-03-31": {
        "Diluted EPS": 0.24,
        "Total Revenue": 22,
        "Gross Profit": 21,
        "Operating Income": 7,
        "EBIT": NaN,
        "Net Income": 5
    },
    "2021-12-31": {
        "Diluted EPS": 0.27,
        "Total Revenue": 24,
        "Gross Profit": 22,
        "Operating Income": 8,
        "EBIT": NaN,
        "Net Income": 6
    },
    "2021-09-30": {
        "Diluted EPS": 0.27,
        "Total Revenue": 24,
        "Gross Profit": 22,
        "Operating Income": 8,
        "EBIT": NaN,
        "Net Income": 6
    },
    "2021-06-30": {
        "Diluted EPS": 0.24,
        "Total Revenue": 22,
        "Gross Profit": 20,
        "Operating Income": 8,
        "EBIT": NaN,
        "Net Income": 6
    },
    "2021-03-31": {
        "Diluted EPS": 0.24,
        "Total Revenue": 23,
        "Gross Profit": 21,
        "Operating Income": 8,
        "EBIT": NaN,
        "Net Income": 6
    },
    "2020-12-31": {
        "Diluted EPS": 0.21,
        "Total Revenue": 24,
        "Gross Profit": 21,
        "Operating Income": 6,
        "EBIT": NaN,
        "Net Income": 5
    },
    "2020-09-30": {
        "Diluted EPS": 0.08,
        "Total Revenue": 23,
        "Gross Profit": 18,
        "Operating Income": 3,
        "EBIT": NaN,
        "Net Income": 2
    },
    "2020-06-30": {
        "Diluted EPS": 0.08,
        "Total Revenue": 22,
        "Gross Profit": 17,
        "Operating Income": 2,
        "EBIT": NaN,
        "Net Income": 2
    },
    "2020-03-31": {
        "Diluted EPS": 0.08,
        "Total Revenue": 23,
        "Gross Profit": 17,
        "Operating Income": 3,
        "EBIT": NaN,
        "Net Income": 2
    },
    "2019-12-31": {
        "Diluted EPS": 0.14,
        "Total Revenue": 23,
        "Gross Profit": 17,
        "Operating Income": 4,
        "EBIT": NaN,
        "Net Income": 3
    },
    "2019-09-30": {
        "Diluted EPS": 0.12,
        "Total Revenue": 23,
        "Gross Profit": 17,
        "Operating Income": 4,
        "EBIT": NaN,
        "Net Income": 3
    },
    "2019-06-30": {
        "Diluted EPS": 0.12,
        "Total Revenue": 23,
        "Gross Profit": 17,
        "Operating Income": 4,
        "EBIT": NaN,
        "Net Income": 3
    },
    "2019-03-31": {
        "Diluted EPS": 0.13,
        "Total Revenue": 22,
        "Gross Profit": 16,
        "Operating Income": 4,
        "EBIT": NaN,
        "Net Income": 3
    },
    "2018-12-31": {
        "Diluted EPS": 0.13,
        "Total Revenue": 22,
        "Gross Profit": 17,
        "Operating Income": 5,
        "EBIT": NaN,
        "Net Income": 4
    },
    "2018-09-30": {
        "Diluted EPS": 0.14,
        "Total Revenue": 22,
        "Gross Profit": 17,
        "Operating Income": 5,
        "EBIT": NaN,
        "Net Income": 4
    },
    "2018-06-30": {
        "Diluted EPS": 0.18,
        "Total Revenue": 23,
        "Gross Profit": 19,
        "Operating Income": 7,
        "EBIT": NaN,
        "Net Income": 5
    },
    "2018-03-31": {
        "Diluted EPS": 0.12,
        "Total Revenue": 20,
        "Gross Profit": 16,
        "Operating Income": 5,
        "EBIT": NaN,
        "Net Income": 4
    },
    "2017-12-31": {
        "Diluted EPS": -0.01,
        "Total Revenue": 21,
        "Gross Profit": 17,
        "Operating Income": 5,
        "EBIT": NaN,
        "Net Income": 0
    },
    "2017-09-30": {
        "Diluted EPS": 0.13,
        "Total Revenue": 21,
        "Gross Profit": 17,
        "Operating Income": 6,
        "EBIT": NaN,
        "Net Income": 4
    },
    "2017-06-30": {
        "Diluted EPS": 0.12,
        "Total Revenue": 20,
        "Gross Profit": 17,
        "Operating Income": 5,
        "EBIT": NaN,
        "Net Income": 4
    },
    "2017-03-31": {
        "Diluted EPS": 0.17,
        "Total Revenue": 20,
        "Gross Profit": 17,
        "Operating Income": 6,
        "EBIT": NaN,
        "Net Income": 5
    },
    "2016-12-31": {
        "Diluted EPS": 0.07,
        "Total Revenue": 18,
        "Gross Profit": 15,
        "Operating Income": 5,
        "EBIT": NaN,
        "Net Income": 2
    },
    "2016-09-30": {
        "Diluted EPS": 0.04,
        "Total Revenue": 12,
        "Gross Profit": 10,
        "Operating Income": 2,
        "EBIT": NaN,
        "Net Income": 1
    },
    "2016-06-30": {
        "Diluted EPS": 0.02,
        "Total Revenue": 12,
        "Gross Profit": 9,
        "Operating Income": 2,
        "EBIT": NaN,
        "Net Income": 0
    },
    "2016-03-31": {
        "Diluted EPS": 0.11,
        "Total Revenue": 12,
        "Gross Profit": 9,
        "Operating Income": 3,
        "EBIT": NaN,
        "Net Income": 2
    },
    "2015-12-31": {
        "Diluted EPS": 0.08,
        "Total Revenue": 12,
        "Gross Profit": 9,
        "Operating Income": 2,
        "EBIT": NaN,
        "Net Income": 1
    },
    "2015-09-30": {
        "Diluted EPS": 0.09,
        "Total Revenue": 12,
        "Gross Profit": 9,
        "Operating Income": 2,
        "EBIT": NaN,
        "Net Income": 2
    },
    "2015-06-30": {
        "Diluted EPS": 0.08,
        "Total Revenue": 12,
        "Gross Profit": 9,
        "Operating Income": 2,
        "EBIT": NaN,
        "Net Income": 1
    },
    "2015-03-31": {
        "Diluted EPS": 0.08,
        "Total Revenue": 11,
        "Gross Profit": 9,
        "Operating Income": 2,
        "EBIT": NaN,
        "Net Income": 1
    },
    "2014-12-31": {
        "Diluted EPS": 0.1,
        "Total Revenue": 12,
        "Gross Profit": 9,
        "Operating Income": 2,
        "EBIT": NaN,
        "Net Income": 2
    },
    "2014-09-30": {
        "Diluted EPS": 0.08,
        "Total Revenue": 12,
        "Gross Profit": 9,
        "Operating Income": 2,
        "EBIT": NaN,
        "Net Income": 2
    },
    "2014-06-30": {
        "Diluted EPS": 0.07,
        "Total Revenue": 11,
        "Gross Profit": 9,
        "Operating Income": 2,
        "EBIT": NaN,
        "Net Income": 1
    },
    "2014-03-31": {
        "Diluted EPS": 0.09,
        "Total Revenue": 11,
        "Gross Profit": 9,
        "Operating Income": 2,
        "EBIT": NaN,
        "Net Income": 2
    },
    "2013-12-31": {
        "Diluted EPS": 0.1,
        "Total Revenue": 11,
        "Gross Profit": 9,
        "Operating Income": 2,
        "EBIT": NaN,
        "Net Income": 2
    },
    "2013-09-30": {
        "Diluted EPS": 0.08,
        "Total Revenue": 11,
        "Gross Profit": 9,
        "Operating Income": 2,
        "EBIT": NaN,
        "Net Income": 2
    },
    "2013-06-30": {
        "Diluted EPS": 0.08,
        "Total Revenue": 11,
        "Gross Profit": 9,
        "Operating Income": 2,
        "EBIT": NaN,
        "Net Income": 2
    },
    "2013-03-31": {
        "Diluted EPS": 0.08,
        "Total Revenue": 11,
        "Gross Profit": 9,
        "Operating Income": 2,
        "EBIT": NaN,
        "Net Income": 2
    },
    "2012-12-31": {
        "Diluted EPS": 0.07,
        "Total Revenue": 12,
        "Gross Profit": 9,
        "Operating Income": 2,
        "EBIT": NaN,
        "Net Income": 2
    },
    "2012-09-30": {
        "Diluted EPS": 0.06,
        "Total Revenue": 12,
        "Gross Profit": 9,
        "Operating Income": 2,
        "EBIT": NaN,
        "Net Income": 1
    },
    "2012-06-30": {
        "Diluted EPS": 0.04,
        "Total Revenue": 12,
        "Gross Profit": 9,
        "Operating Income": 2,
        "EBIT": NaN,
        "Net Income": 1
    },
    "2012-03-31": {
        "Diluted EPS": 0.09,
        "Total Revenue": 13,
        "Gross Profit": 10,
        "Operating Income": 3,
        "EBIT": NaN,
        "Net Income": 2
    },
    "2011-12-31": {
        "Diluted EPS": 0.05,
        "Total Revenue": 12,
        "Gross Profit": 9,
        "Operating Income": 2,
        "EBIT": NaN,
        "Net Income": 2
    },
    "2011-09-30": {
        "Diluted EPS": 0.06,
        "Total Revenue": 12,
        "Gross Profit": 9,
        "Operating Income": 2,
        "EBIT": NaN,
        "Net Income": 1
    },
    "2011-06-30": {
        "Diluted EPS": 0.06,
        "Total Revenue": 12,
        "Gross Profit": 9,
        "Operating Income": 2,
        "EBIT": NaN,
        "Net Income": 2
    },
    "2011-03-31": {
        "Diluted EPS": 0.05,
        "Total Revenue": 12,
        "Gross Profit": 8,
        "Operating Income": 2,
        "EBIT": NaN,
        "Net Income": 1
    },
    "2010-12-31": {
        "Diluted EPS": 0.04,
        "Total Revenue": 12,
        "Gross Profit": 8,
        "Operating Income": 1,
        "EBIT": NaN,
        "Net Income": 1
    },
    "2010-09-30": {
        "Diluted EPS": 0.03,
        "Total Revenue": 15,
        "Gross Profit": 11,
        "Operating Income": 1,
        "EBIT": NaN,
        "Net Income": 1
    },
    "2010-06-30": {
        "Diluted EPS": -0.01,
        "Total Revenue": 14,
        "Gross Profit": 9,
        "Operating Income": -1,
        "EBIT": NaN,
        "Net Income": 0
    },
    "2010-03-31": {
        "Diluted EPS": 0.05,
        "Total Revenue": 13,
        "Gross Profit": 9,
        "Operating Income": 2,
        "EBIT": NaN,
        "Net Income": 1
    },
    "2009-12-31": {
        "Diluted EPS": 0.06,
        "Total Revenue": 14,
        "Gross Profit": 10,
        "Operating Income": 2,
        "EBIT": NaN,
        "Net Income": 2
    },
    "2009-09-30": {
        "Diluted EPS": 0.04,
        "Total Revenue": 13,
        "Gross Profit": 8,
        "Operating Income": 1,
        "EBIT": NaN,
        "Net Income": 1
    },
    "2009-06-30": {
        "Diluted EPS": 0.04,
        "Total Revenue": 14,
        "Gross Profit": 9,
        "Operating Income": 1,
        "EBIT": NaN,
        "Net Income": 1
    },
    "2009-03-31": {
        "Diluted EPS": 0.04,
        "Total Revenue": 14,
        "Gross Profit": 9,
        "Operating Income": 2,
        "EBIT": NaN,
        "Net Income": 1
    },
    "2023-09-30": {
        "Tax Effect Of Unusual Items": -561.0,
        "Tax Rate For Calcs": 0.187,
        "Total Unusual Items": -3000.0,
        "Total Unusual Items Excluding Goodwill": -3000.0,
        "Net Income From Continuing Operation Net Minority Interest": 4490000.0,
        "Reconciled Depreciation": 629000.0,
        "Net Interest Income": 16383000.0,
        "Interest Expense": 9518000.0,
        "Interest Income": 25901000.0,
        "Normalized Income": 4492439.0,
        "Net Income From Continuing And Discontinued Operation": 4490000.0,
        "Diluted Average Shares": 21680113.0,
        "Basic Average Shares": 21560940.0,
        "Diluted EPS": 0.21,
        "Basic EPS": 0.21,
        "Diluted NI Availto Com Stockholders": 4490000.0,
        "Net Income Common Stockholders": 4490000.0,
        "Net Income": 4490000.0,
        "Net Income Including Noncontrolling Interests": 4490000.0,
        "Net Income Continuous Operations": 4490000.0,
        "Tax Provision": 1033000.0,
        "Pretax Income": 5523000.0,
        "Special Income Charges": -3000.0,
        "Other Special Charges": 3000.0,
        "Gain On Sale Of Security": 238000.0,
        "Selling General And Administration": 8658000.0,
        "Selling And Marketing Expense": 362000.0,
        "General And Administrative Expense": 8296000.0,
        "Insurance And Claims": 341000.0,
        "Salaries And Wages": 7955000.0,
        "Total Revenue": 19436000.0,
        "Operating Revenue": 19436000.0,
        "Occupancy And Equipment": 1641000.0,
        "Professional Expense And Contract Services Expense": 643000.0,
        "Other Non Interest Expense": 2614000.0
    },
    "2023-12-31": {
        "Tax Effect Of Unusual Items": 0.0,
        "Tax Rate For Calcs": 0.306162,
        "Total Unusual Items": 0.0,
        "Total Unusual Items Excluding Goodwill": 0.0,
        "Net Income From Continuing Operation Net Minority Interest": 2511000.0,
        "Reconciled Depreciation": 667000.0,
        "Net Interest Income": 16176000.0,
        "Interest Expense": 10594000.0,
        "Interest Income": 26770000.0,
        "Normalized Income": 2511000.0,
        "Net Income From Continuing And Discontinued Operation": 2511000.0,
        "Diluted Average Shares": 21400664.0,
        "Basic Average Shares": 21253452.0,
        "Diluted EPS": 0.12,
        "Basic EPS": 0.12,
        "Diluted NI Availto Com Stockholders": 2511000.0,
        "Net Income Common Stockholders": 2511000.0,
        "Net Income": 2511000.0,
        "Net Income Including Noncontrolling Interests": 2511000.0,
        "Net Income Continuous Operations": 2511000.0,
        "Tax Provision": 1108000.0,
        "Pretax Income": 3619000.0,
        "Special Income Charges": 0.0,
        "Other Special Charges": 0.0,
        "Gain On Sale Of Security": -1000.0,
        "Selling General And Administration": 8454000.0,
        "Selling And Marketing Expense": 377000.0,
        "General And Administrative Expense": 8077000.0,
        "Insurance And Claims": 338000.0,
        "Salaries And Wages": 7739000.0,
        "Total Revenue": 18890000.0,
        "Operating Revenue": 18890000.0,
        "Occupancy And Equipment": 1692000.0,
        "Professional Expense And Contract Services Expense": 674000.0,
        "Other Non Interest Expense": 3965000.0
    },
    "2024-03-31": {
        "Tax Effect Of Unusual Items": -1308.0,
        "Tax Rate For Calcs": 0.218,
        "Total Unusual Items": -6000.0,
        "Total Unusual Items Excluding Goodwill": -6000.0,
        "Net Income From Continuing Operation Net Minority Interest": 2961000.0,
        "Reconciled Depreciation": 654000.0,
        "Net Interest Income": 15346000.0,
        "Interest Expense": 11258000.0,
        "Interest Income": 26604000.0,
        "Normalized Income": 2965692.0,
        "Net Income From Continuing And Discontinued Operation": 2961000.0,
        "Diluted Average Shares": 21271323.0,
        "Basic Average Shares": 21180968.0,
        "Diluted EPS": 0.14,
        "Basic EPS": 0.14,
        "Diluted NI Availto Com Stockholders": 2961000.0,
        "Net Income Common Stockholders": 2961000.0,
        "Net Income": 2961000.0,
        "Net Income Including Noncontrolling Interests": 2961000.0,
        "Net Income Continuous Operations": 2961000.0,
        "Tax Provision": 827000.0,
        "Pretax Income": 3788000.0,
        "Special Income Charges": -6000.0,
        "Other Special Charges": 6000.0,
        "Gain On Sale Of Security": 8000.0,
        "Selling General And Administration": 9003000.0,
        "Selling And Marketing Expense": 349000.0,
        "General And Administrative Expense": 8654000.0,
        "Insurance And Claims": 410000.0,
        "Salaries And Wages": 8244000.0,
        "Total Revenue": 18026000.0,
        "Operating Revenue": 18026000.0,
        "Occupancy And Equipment": 1847000.0,
        "Professional Expense And Contract Services Expense": 569000.0,
        "Other Non Interest Expense": 3363000.0
    },
    "2024-06-30": {
        "Tax Effect Of Unusual Items": 0.0,
        "Tax Rate For Calcs": 0.18,
        "Total Unusual Items": 0.0,
        "Total Unusual Items Excluding Goodwill": 0.0,
        "Net Income From Continuing Operation Net Minority Interest": 3513000.0,
        "Reconciled Depreciation": 644000.0,
        "Net Interest Income": 14470000.0,
        "Interest Expense": 12332000.0,
        "Interest Income": 26802000.0,
        "Normalized Income": 3513000.0,
        "Net Income From Continuing And Discontinued Operation": 3513000.0,
        "Diluted Average Shares": 21163762.0,
        "Basic Average Shares": 21056173.0,
        "Diluted EPS": 0.17,
        "Basic EPS": 0.17,
        "Diluted NI Availto Com Stockholders": 3513000.0,
        "Net Income Common Stockholders": 3513000.0,
        "Net Income": 3513000.0,
        "Net Income Including Noncontrolling Interests": 3513000.0,
        "Net Income Continuous Operations": 3513000.0,
        "Tax Provision": 771000.0,
        "Pretax Income": 4284000.0,
        "Special Income Charges": 0.0,
        "Other Special Charges": NaN,
        "Gain On Sale Of Security": 991000.0,
        "Selling General And Administration": 8563000.0,
        "Selling And Marketing Expense": 339000.0,
        "General And Administrative Expense": 8224000.0,
        "Insurance And Claims": 323000.0,
        "Salaries And Wages": 7901000.0,
        "Total Revenue": 17661000.0,
        "Operating Revenue": 17661000.0,
        "Occupancy And Equipment": 1701000.0,
        "Professional Expense And Contract Services Expense": 581000.0,
        "Other Non Interest Expense": 2826000.0
    },
    "2024-09-30": {
        "Tax Effect Of Unusual Items": 0.0,
        "Tax Rate For Calcs": 0.245,
        "Total Unusual Items": 0.0,
        "Total Unusual Items Excluding Goodwill": 0.0,
        "Net Income From Continuing Operation Net Minority Interest": 1904000.0,
        "Reconciled Depreciation": 643000.0,
        "Net Interest Income": 14728000.0,
        "Interest Expense": 13112000.0,
        "Interest Income": 27840000.0,
        "Normalized Income": 1904000.0,
        "Net Income From Continuing And Discontinued Operation": 1904000.0,
        "Diluted Average Shares": 20933833.0,
        "Basic Average Shares": 20804162.0,
        "Diluted EPS": 0.09,
        "Basic EPS": 0.09,
        "Diluted NI Availto Com Stockholders": 1904000.0,
        "Net Income Common Stockholders": 1904000.0,
        "Net Income": 1904000.0,
        "Net Income Including Noncontrolling Interests": 1904000.0,
        "Net Income Continuous Operations": 1904000.0,
        "Tax Provision": 618000.0,
        "Pretax Income": 2522000.0,
        "Special Income Charges": 0.0,
        "Other Special Charges": NaN,
        "Gain On Sale Of Security": 10000.0,
        "Selling General And Administration": 8721000.0,
        "Selling And Marketing Expense": 271000.0,
        "General And Administrative Expense": 8450000.0,
        "Insurance And Claims": 338000.0,
        "Salaries And Wages": 8112000.0,
        "Total Revenue": 17220000.0,
        "Operating Revenue": 17220000.0,
        "Occupancy And Equipment": 1700000.0,
        "Professional Expense And Contract Services Expense": 540000.0,
        "Other Non Interest Expense": 2796000.0
    }
}