{
    "2023-06-30": {
        "Tax Effect Of Unusual Items": NaN,
        "Tax Rate For Calcs": NaN,
        "Normalized EBITDA": NaN,
        "Total Unusual Items": NaN,
        "Total Unusual Items Excluding Goodwill": NaN,
        "Net Income From Continuing Operation Net Minority Interest": NaN,
        "Reconciled Depreciation": NaN,
        "Reconciled Cost Of Revenue": NaN,
        "EBITDA": NaN,
        "EBIT": NaN,
        "Net Interest Income": NaN,
        "Interest Expense": NaN,
        "Interest Income": NaN,
        "Normalized Income": NaN,
        "Net Income From Continuing And Discontinued Operation": NaN,
        "Total Expenses": NaN,
        "Total Operating Income As Reported": NaN,
        "Diluted Average Shares": NaN,
        "Basic Average Shares": NaN,
        "Diluted EPS": NaN,
        "Basic EPS": NaN,
        "Diluted NI Availto Com Stockholders": NaN,
        "Net Income Common Stockholders": NaN,
        "Net Income": NaN,
        "Net Income Including Noncontrolling Interests": NaN,
        "Net Income Continuous Operations": NaN,
        "Tax Provision": NaN,
        "Pretax Income": NaN,
        "Other Income Expense": NaN,
        "Other Non Operating Income Expenses": NaN,
        "Special Income Charges": NaN,
        "Restructuring And Mergern Acquisition": NaN,
        "Gain On Sale Of Security": NaN,
        "Net Non Operating Interest Income Expense": NaN,
        "Total Other Finance Cost": NaN,
        "Interest Expense Non Operating": NaN,
        "Interest Income Non Operating": NaN,
        "Operating Income": NaN,
        "Operating Expense": NaN,
        "Depreciation Amortization Depletion Income Statement": NaN,
        "Depreciation And Amortization In Income Statement": NaN,
        "Amortization": NaN,
        "Amortization Of Intangibles Income Statement": NaN,
        "Selling General And Administration": NaN,
        "Selling And Marketing Expense": NaN,
        "General And Administrative Expense": NaN,
        "Other Gand A": NaN,
        "Salaries And Wages": 52500000.0,
        "Gross Profit": NaN,
        "Cost Of Revenue": NaN,
        "Total Revenue": NaN,
        "Operating Revenue": NaN
    },
    "2023-03-31": {
        "Tax Effect Of Unusual Items": -7070.899339,
        "Tax Rate For Calcs": 0.09183,
        "Normalized EBITDA": 53226000.0,
        "Total Unusual Items": -77000.0,
        "Total Unusual Items Excluding Goodwill": -77000.0,
        "Net Income From Continuing Operation Net Minority Interest": 36404000.0,
        "Reconciled Depreciation": 8905000.0,
        "Reconciled Cost Of Revenue": 202055000.0,
        "EBITDA": 53149000.0,
        "EBIT": 44244000.0,
        "Net Interest Income": -960000.0,
        "Interest Expense": 4159000.0,
        "Interest Income": 3003000.0,
        "Normalized Income": 36473929.100661,
        "Net Income From Continuing And Discontinued Operation": 36404000.0,
        "Total Expenses": 271828000.0,
        "Total Operating Income As Reported": 40835000.0,
        "Diluted Average Shares": NaN,
        "Basic Average Shares": NaN,
        "Diluted EPS": NaN,
        "Basic EPS": NaN,
        "Diluted NI Availto Com Stockholders": 36404000.0,
        "Net Income Common Stockholders": 36404000.0,
        "Net Income": 36404000.0,
        "Net Income Including Noncontrolling Interests": 36404000.0,
        "Net Income Continuous Operations": 36404000.0,
        "Tax Provision": 3681000.0,
        "Pretax Income": 40085000.0,
        "Other Income Expense": 531000.0,
        "Other Non Operating Income Expenses": 608000.0,
        "Special Income Charges": NaN,
        "Restructuring And Mergern Acquisition": NaN,
        "Gain On Sale Of Security": -77000.0,
        "Net Non Operating Interest Income Expense": -960000.0,
        "Total Other Finance Cost": NaN,
        "Interest Expense Non Operating": 4159000.0,
        "Interest Income Non Operating": 3003000.0,
        "Operating Income": 43060000.0,
        "Operating Expense": 69773000.0,
        "Depreciation Amortization Depletion Income Statement": 8905000.0,
        "Depreciation And Amortization In Income Statement": 8905000.0,
        "Amortization": 8905000.0,
        "Amortization Of Intangibles Income Statement": 8905000.0,
        "Selling General And Administration": 60868000.0,
        "Selling And Marketing Expense": -34556000.0,
        "General And Administrative Expense": 95424000.0,
        "Other Gand A": -87076000.0,
        "Salaries And Wages": NaN,
        "Gross Profit": 112833000.0,
        "Cost Of Revenue": 202055000.0,
        "Total Revenue": 314888000.0,
        "Operating Revenue": 314888000.0
    },
    "2022-12-31": {
        "Tax Effect Of Unusual Items": NaN,
        "Tax Rate For Calcs": NaN,
        "Normalized EBITDA": NaN,
        "Total Unusual Items": NaN,
        "Total Unusual Items Excluding Goodwill": NaN,
        "Net Income From Continuing Operation Net Minority Interest": NaN,
        "Reconciled Depreciation": NaN,
        "Reconciled Cost Of Revenue": NaN,
        "EBITDA": NaN,
        "EBIT": NaN,
        "Net Interest Income": NaN,
        "Interest Expense": NaN,
        "Interest Income": NaN,
        "Normalized Income": NaN,
        "Net Income From Continuing And Discontinued Operation": NaN,
        "Total Expenses": NaN,
        "Total Operating Income As Reported": NaN,
        "Diluted Average Shares": NaN,
        "Basic Average Shares": NaN,
        "Diluted EPS": NaN,
        "Basic EPS": NaN,
        "Diluted NI Availto Com Stockholders": NaN,
        "Net Income Common Stockholders": NaN,
        "Net Income": NaN,
        "Net Income Including Noncontrolling Interests": NaN,
        "Net Income Continuous Operations": NaN,
        "Tax Provision": NaN,
        "Pretax Income": NaN,
        "Other Income Expense": NaN,
        "Other Non Operating Income Expenses": NaN,
        "Special Income Charges": 0.0,
        "Restructuring And Mergern Acquisition": 0.0,
        "Gain On Sale Of Security": NaN,
        "Net Non Operating Interest Income Expense": NaN,
        "Total Other Finance Cost": 112000.0,
        "Interest Expense Non Operating": NaN,
        "Interest Income Non Operating": NaN,
        "Operating Income": NaN,
        "Operating Expense": NaN,
        "Depreciation Amortization Depletion Income Statement": NaN,
        "Depreciation And Amortization In Income Statement": NaN,
        "Amortization": NaN,
        "Amortization Of Intangibles Income Statement": NaN,
        "Selling General And Administration": NaN,
        "Selling And Marketing Expense": NaN,
        "General And Administrative Expense": NaN,
        "Other Gand A": NaN,
        "Salaries And Wages": 45300000.0,
        "Gross Profit": NaN,
        "Cost Of Revenue": NaN,
        "Total Revenue": NaN,
        "Operating Revenue": NaN
    },
    "2022-09-30": {
        "Tax Effect Of Unusual Items": NaN,
        "Tax Rate For Calcs": NaN,
        "Normalized EBITDA": NaN,
        "Total Unusual Items": NaN,
        "Total Unusual Items Excluding Goodwill": NaN,
        "Net Income From Continuing Operation Net Minority Interest": NaN,
        "Reconciled Depreciation": NaN,
        "Reconciled Cost Of Revenue": NaN,
        "EBITDA": NaN,
        "EBIT": NaN,
        "Net Interest Income": NaN,
        "Interest Expense": NaN,
        "Interest Income": NaN,
        "Normalized Income": NaN,
        "Net Income From Continuing And Discontinued Operation": NaN,
        "Total Expenses": NaN,
        "Total Operating Income As Reported": NaN,
        "Diluted Average Shares": NaN,
        "Basic Average Shares": NaN,
        "Diluted EPS": NaN,
        "Basic EPS": NaN,
        "Diluted NI Availto Com Stockholders": NaN,
        "Net Income Common Stockholders": NaN,
        "Net Income": NaN,
        "Net Income Including Noncontrolling Interests": NaN,
        "Net Income Continuous Operations": NaN,
        "Tax Provision": NaN,
        "Pretax Income": NaN,
        "Other Income Expense": NaN,
        "Other Non Operating Income Expenses": NaN,
        "Special Income Charges": 0.0,
        "Restructuring And Mergern Acquisition": 0.0,
        "Gain On Sale Of Security": NaN,
        "Net Non Operating Interest Income Expense": NaN,
        "Total Other Finance Cost": 42000.0,
        "Interest Expense Non Operating": NaN,
        "Interest Income Non Operating": NaN,
        "Operating Income": NaN,
        "Operating Expense": NaN,
        "Depreciation Amortization Depletion Income Statement": NaN,
        "Depreciation And Amortization In Income Statement": NaN,
        "Amortization": NaN,
        "Amortization Of Intangibles Income Statement": NaN,
        "Selling General And Administration": NaN,
        "Selling And Marketing Expense": NaN,
        "General And Administrative Expense": NaN,
        "Other Gand A": NaN,
        "Salaries And Wages": 45900000.0,
        "Gross Profit": NaN,
        "Cost Of Revenue": NaN,
        "Total Revenue": NaN,
        "Operating Revenue": NaN
    },
    "2022-06-30": {
        "Tax Effect Of Unusual Items": 845989.236153,
        "Tax Rate For Calcs": 0.202051,
        "Normalized EBITDA": 43480000.0,
        "Total Unusual Items": 4187000.0,
        "Total Unusual Items Excluding Goodwill": 4187000.0,
        "Net Income From Continuing Operation Net Minority Interest": 33063000.0,
        "Reconciled Depreciation": 2986000.0,
        "Reconciled Cost Of Revenue": 198396000.0,
        "EBITDA": 47667000.0,
        "EBIT": 44681000.0,
        "Net Interest Income": -2647000.0,
        "Interest Expense": 3246000.0,
        "Interest Income": 599000.0,
        "Normalized Income": 29721989.236153,
        "Net Income From Continuing And Discontinued Operation": 33063000.0,
        "Total Expenses": 255882000.0,
        "Total Operating Income As Reported": 41269000.0,
        "Diluted Average Shares": 50985414.0,
        "Basic Average Shares": 48707982.0,
        "Diluted EPS": 0.65,
        "Basic EPS": 0.68,
        "Diluted NI Availto Com Stockholders": 33063000.0,
        "Net Income Common Stockholders": 33063000.0,
        "Net Income": 33063000.0,
        "Net Income Including Noncontrolling Interests": 33063000.0,
        "Net Income Continuous Operations": 33063000.0,
        "Tax Provision": 8372000.0,
        "Pretax Income": 41435000.0,
        "Other Income Expense": 4734000.0,
        "Other Non Operating Income Expenses": 547000.0,
        "Gain On Sale Of Security": 4187000.0,
        "Net Non Operating Interest Income Expense": -2647000.0,
        "Total Other Finance Cost": NaN,
        "Interest Expense Non Operating": 3246000.0,
        "Interest Income Non Operating": 599000.0,
        "Operating Income": 39466000.0,
        "Operating Expense": 57486000.0,
        "Depreciation Amortization Depletion Income Statement": 2986000.0,
        "Depreciation And Amortization In Income Statement": 2986000.0,
        "Amortization": 2986000.0,
        "Amortization Of Intangibles Income Statement": 2986000.0,
        "Selling General And Administration": 54500000.0,
        "Selling And Marketing Expense": 2400000.0,
        "General And Administrative Expense": 52100000.0,
        "Other Gand A": 9200000.0,
        "Salaries And Wages": 42900000.0,
        "Gross Profit": 96952000.0,
        "Cost Of Revenue": 198396000.0,
        "Total Revenue": 295348000.0,
        "Operating Revenue": 295348000.0
    },
    "2022-03-31": {
        "Diluted EPS": 0.74,
        "Total Revenue": 299,
        "Gross Profit": 102,
        "Operating Income": 47,
        "EBIT": 47,
        "Net Income": 39
    },
    "2021-12-31": {
        "Diluted EPS": 0.68,
        "Total Revenue": 284,
        "Gross Profit": 97,
        "Operating Income": 43,
        "EBIT": 43,
        "Net Income": 34
    },
    "2021-09-30": {
        "Diluted EPS": 0.64,
        "Total Revenue": 274,
        "Gross Profit": 93,
        "Operating Income": 41,
        "EBIT": 41,
        "Net Income": 32
    },
    "2021-06-30": {
        "Diluted EPS": 0.52,
        "Total Revenue": 253,
        "Gross Profit": 83,
        "Operating Income": 33,
        "EBIT": 33,
        "Net Income": 27
    },
    "2021-03-31": {
        "Diluted EPS": 0.52,
        "Total Revenue": 244,
        "Gross Profit": 85,
        "Operating Income": 35,
        "EBIT": 35,
        "Net Income": 28
    },
    "2020-12-31": {
        "Diluted EPS": 0.6,
        "Total Revenue": 238,
        "Gross Profit": 88,
        "Operating Income": 41,
        "EBIT": 41,
        "Net Income": 31
    },
    "2020-09-30": {
        "Diluted EPS": 0.56,
        "Total Revenue": 223,
        "Gross Profit": 85,
        "Operating Income": 39,
        "EBIT": 39,
        "Net Income": 29
    },
    "2020-06-30": {
        "Diluted EPS": 0.29,
        "Total Revenue": 208,
        "Gross Profit": 67,
        "Operating Income": 20,
        "EBIT": 20,
        "Net Income": 15
    },
    "2020-03-31": {
        "Diluted EPS": 0.55,
        "Total Revenue": 248,
        "Gross Profit": 90,
        "Operating Income": 36,
        "EBIT": 36,
        "Net Income": 30
    },
    "2019-12-31": {
        "Diluted EPS": 0.6,
        "Total Revenue": 239,
        "Gross Profit": 89,
        "Operating Income": 39,
        "EBIT": 39,
        "Net Income": 31
    },
    "2019-09-30": {
        "Diluted EPS": 0.56,
        "Total Revenue": 226,
        "Gross Profit": 84,
        "Operating Income": 36,
        "EBIT": 36,
        "Net Income": 29
    },
    "2019-06-30": {
        "Diluted EPS": 0.53,
        "Total Revenue": 215,
        "Gross Profit": 81,
        "Operating Income": 36,
        "EBIT": 36,
        "Net Income": 28
    },
    "2019-03-31": {
        "Diluted EPS": 0.57,
        "Total Revenue": 210,
        "Gross Profit": 79,
        "Operating Income": 32,
        "EBIT": 32,
        "Net Income": 30
    },
    "2018-12-31": {
        "Diluted EPS": 0.55,
        "Total Revenue": 200,
        "Gross Profit": 75,
        "Operating Income": 33,
        "EBIT": 33,
        "Net Income": 29
    },
    "2018-09-30": {
        "Diluted EPS": 0.48,
        "Total Revenue": 199,
        "Gross Profit": 70,
        "Operating Income": 29,
        "EBIT": 29,
        "Net Income": 25
    },
    "2018-06-30": {
        "Diluted EPS": 0.42,
        "Total Revenue": 200,
        "Gross Profit": 67,
        "Operating Income": 25,
        "EBIT": 25,
        "Net Income": 22
    },
    "2018-03-31": {
        "Diluted EPS": 0.44,
        "Total Revenue": 203,
        "Gross Profit": 74,
        "Operating Income": 29,
        "EBIT": 29,
        "Net Income": 25
    },
    "2017-12-31": {
        "Diluted EPS": 0.51,
        "Total Revenue": 189,
        "Gross Profit": 64,
        "Operating Income": 26,
        "EBIT": 26,
        "Net Income": 26
    },
    "2017-09-30": {
        "Diluted EPS": 0.36,
        "Total Revenue": 187,
        "Gross Profit": 61,
        "Operating Income": 20,
        "EBIT": 20,
        "Net Income": 19
    },
    "2017-06-30": {
        "Diluted EPS": 0.32,
        "Total Revenue": 180,
        "Gross Profit": 55,
        "Operating Income": 20,
        "EBIT": 20,
        "Net Income": 17
    },
    "2017-03-31": {
        "Diluted EPS": -0.11,
        "Total Revenue": 159,
        "Gross Profit": 52,
        "Operating Income": -3,
        "EBIT": -3,
        "Net Income": -5
    },
    "2016-12-31": {
        "Diluted EPS": 0.35,
        "Total Revenue": 145,
        "Gross Profit": 48,
        "Operating Income": 21,
        "EBIT": 21,
        "Net Income": 18
    },
    "2016-09-30": {
        "Diluted EPS": 0.24,
        "Total Revenue": 150,
        "Gross Profit": 50,
        "Operating Income": 15,
        "EBIT": 15,
        "Net Income": 13
    },
    "2016-06-30": {
        "Diluted EPS": 0.23,
        "Total Revenue": 148,
        "Gross Profit": 49,
        "Operating Income": 15,
        "EBIT": 15,
        "Net Income": 12
    },
    "2016-03-31": {
        "Diluted EPS": 0.29,
        "Total Revenue": 143,
        "Gross Profit": 50,
        "Operating Income": 19,
        "EBIT": 19,
        "Net Income": 16
    },
    "2015-12-31": {
        "Diluted EPS": 0.3,
        "Total Revenue": 144,
        "Gross Profit": 51,
        "Operating Income": 19,
        "EBIT": 19,
        "Net Income": 16
    },
    "2015-09-30": {
        "Diluted EPS": 0.29,
        "Total Revenue": 141,
        "Gross Profit": 51,
        "Operating Income": 19,
        "EBIT": 19,
        "Net Income": 16
    },
    "2015-06-30": {
        "Diluted EPS": 0.24,
        "Total Revenue": 134,
        "Gross Profit": 45,
        "Operating Income": 15,
        "EBIT": 15,
        "Net Income": 13
    },
    "2015-03-31": {
        "Diluted EPS": 0.27,
        "Total Revenue": 133,
        "Gross Profit": 46,
        "Operating Income": 18,
        "EBIT": 18,
        "Net Income": 15
    },
    "2014-12-31": {
        "Diluted EPS": 0.31,
        "Total Revenue": 136,
        "Gross Profit": 51,
        "Operating Income": 20,
        "EBIT": 20,
        "Net Income": 17
    },
    "2014-09-30": {
        "Diluted EPS": 0.29,
        "Total Revenue": 134,
        "Gross Profit": 50,
        "Operating Income": 19,
        "EBIT": 19,
        "Net Income": 15
    },
    "2014-06-30": {
        "Diluted EPS": 0.23,
        "Total Revenue": 131,
        "Gross Profit": 45,
        "Operating Income": 13,
        "EBIT": 13,
        "Net Income": 12
    },
    "2014-03-31": {
        "Diluted EPS": 0.25,
        "Total Revenue": 130,
        "Gross Profit": 48,
        "Operating Income": 16,
        "EBIT": 16,
        "Net Income": 13
    },
    "2013-12-31": {
        "Diluted EPS": 0.23,
        "Total Revenue": 127,
        "Gross Profit": 45,
        "Operating Income": 14,
        "EBIT": 14,
        "Net Income": 12
    },
    "2013-09-30": {
        "Diluted EPS": 0.18,
        "Total Revenue": 123,
        "Gross Profit": 43,
        "Operating Income": 11,
        "EBIT": 11,
        "Net Income": 9
    },
    "2013-06-30": {
        "Diluted EPS": 0.13,
        "Total Revenue": 122,
        "Gross Profit": 38,
        "Operating Income": 8,
        "EBIT": 8,
        "Net Income": 7
    },
    "2013-03-31": {
        "Diluted EPS": 0.15,
        "Total Revenue": 119,
        "Gross Profit": 38,
        "Operating Income": 10,
        "EBIT": 10,
        "Net Income": 8
    },
    "2012-12-31": {
        "Diluted EPS": 0.12,
        "Total Revenue": 120,
        "Gross Profit": 39,
        "Operating Income": 8,
        "EBIT": 8,
        "Net Income": 6
    },
    "2012-09-30": {
        "Diluted EPS": 0.08,
        "Total Revenue": 113,
        "Gross Profit": 38,
        "Operating Income": 7,
        "EBIT": 7,
        "Net Income": 4
    },
    "2012-06-30": {
        "Diluted EPS": 0.06,
        "Total Revenue": 108,
        "Gross Profit": 34,
        "Operating Income": 5,
        "EBIT": 5,
        "Net Income": 3
    },
    "2012-03-31": {
        "Diluted EPS": 0.09,
        "Total Revenue": 113,
        "Gross Profit": 35,
        "Operating Income": 9,
        "EBIT": 9,
        "Net Income": 4
    },
    "2011-12-31": {
        "Diluted EPS": 0.09,
        "Total Revenue": 117,
        "Gross Profit": 35,
        "Operating Income": 8,
        "EBIT": 8,
        "Net Income": 4
    },
    "2011-09-30": {
        "Diluted EPS": 0.08,
        "Total Revenue": 118,
        "Gross Profit": 33,
        "Operating Income": 7,
        "EBIT": 7,
        "Net Income": 3
    },
    "2011-06-30": {
        "Diluted EPS": 0.01,
        "Total Revenue": 126,
        "Gross Profit": 30,
        "Operating Income": 4,
        "EBIT": 4,
        "Net Income": 1
    },
    "2011-03-31": {
        "Diluted EPS": 0.2,
        "Total Revenue": 159,
        "Gross Profit": 34,
        "Operating Income": 9,
        "EBIT": 22,
        "Net Income": 9
    },
    "2010-12-31": {
        "Diluted EPS": 0.2,
        "Total Revenue": 153,
        "Gross Profit": 32,
        "Operating Income": 10,
        "EBIT": 10,
        "Net Income": 9
    },
    "2010-09-30": {
        "Diluted EPS": 0.13,
        "Total Revenue": 154,
        "Gross Profit": 34,
        "Operating Income": 8,
        "EBIT": 8,
        "Net Income": 6
    },
    "2010-06-30": {
        "Diluted EPS": -0.13,
        "Total Revenue": 150,
        "Gross Profit": 27,
        "Operating Income": 3,
        "EBIT": 3,
        "Net Income": -6
    },
    "2010-03-31": {
        "Diluted EPS": 0.03,
        "Total Revenue": 158,
        "Gross Profit": 34,
        "Operating Income": 3,
        "EBIT": 3,
        "Net Income": 1
    },
    "2009-12-31": {
        "Diluted EPS": 0.01,
        "Total Revenue": 146,
        "Gross Profit": 35,
        "Operating Income": 6,
        "EBIT": 6,
        "Net Income": 0
    },
    "2009-09-30": {
        "Diluted EPS": 0.02,
        "Total Revenue": 146,
        "Gross Profit": 37,
        "Operating Income": 7,
        "EBIT": 7,
        "Net Income": 1
    },
    "2009-06-30": {
        "Diluted EPS": 0.02,
        "Total Revenue": 133,
        "Gross Profit": 37,
        "Operating Income": 8,
        "EBIT": 8,
        "Net Income": 1
    },
    "2009-03-31": {
        "Diluted EPS": 0.05,
        "Total Revenue": 114,
        "Gross Profit": 33,
        "Operating Income": 8,
        "EBIT": 8,
        "Net Income": 3
    },
    "2023-09-30": {
        "Tax Effect Of Unusual Items": NaN,
        "Tax Rate For Calcs": NaN,
        "Normalized EBITDA": NaN,
        "Total Unusual Items": NaN,
        "Total Unusual Items Excluding Goodwill": NaN,
        "Net Income From Continuing Operation Net Minority Interest": NaN,
        "Reconciled Depreciation": NaN,
        "Reconciled Cost Of Revenue": NaN,
        "EBITDA": NaN,
        "EBIT": NaN,
        "Net Interest Income": NaN,
        "Interest Expense": NaN,
        "Interest Income": NaN,
        "Normalized Income": NaN,
        "Net Income From Continuing And Discontinued Operation": NaN,
        "Total Expenses": NaN,
        "Total Operating Income As Reported": NaN,
        "Diluted Average Shares": NaN,
        "Basic Average Shares": NaN,
        "Diluted EPS": NaN,
        "Basic EPS": NaN,
        "Diluted NI Availto Com Stockholders": NaN,
        "Net Income Common Stockholders": NaN,
        "Net Income": NaN,
        "Net Income Including Noncontrolling Interests": NaN,
        "Net Income Continuous Operations": NaN,
        "Tax Provision": NaN,
        "Pretax Income": NaN,
        "Other Income Expense": NaN,
        "Other Non Operating Income Expenses": NaN,
        "Special Income Charges": 21932000.0,
        "Restructuring And Mergern Acquisition": -21932000.0,
        "Gain On Sale Of Security": NaN,
        "Net Non Operating Interest Income Expense": NaN,
        "Total Other Finance Cost": 337000.0,
        "Interest Expense Non Operating": NaN,
        "Interest Income Non Operating": NaN,
        "Operating Income": NaN,
        "Operating Expense": NaN,
        "Depreciation Amortization Depletion Income Statement": NaN,
        "Depreciation And Amortization In Income Statement": NaN,
        "Amortization": NaN,
        "Amortization Of Intangibles Income Statement": NaN,
        "Selling General And Administration": NaN,
        "Selling And Marketing Expense": NaN,
        "General And Administrative Expense": NaN,
        "Other Gand A": NaN,
        "Salaries And Wages": 52000000.0,
        "Gross Profit": NaN,
        "Cost Of Revenue": NaN,
        "Total Revenue": NaN,
        "Operating Revenue": NaN
    },
    "2023-12-31": {
        "Tax Effect Of Unusual Items": 457800.0,
        "Tax Rate For Calcs": 0.21,
        "Normalized EBITDA": 55863000.0,
        "Total Unusual Items": 2180000.0,
        "Total Unusual Items Excluding Goodwill": 2180000.0,
        "Net Income From Continuing Operation Net Minority Interest": 41537000.0,
        "Reconciled Depreciation": 14895000.0,
        "Reconciled Cost Of Revenue": 205590000.0,
        "EBITDA": 58043000.0,
        "EBIT": 43148000.0,
        "Net Interest Income": -3172000.0,
        "Interest Expense": 3393000.0,
        "Interest Income": 554000.0,
        "Normalized Income": 39814800.0,
        "Net Income From Continuing And Discontinued Operation": 41537000.0,
        "Total Expenses": 286322000.0,
        "Total Operating Income As Reported": 39388000.0,
        "Diluted Average Shares": 49083704.0,
        "Basic Average Shares": 47124360.0,
        "Diluted EPS": 0.85,
        "Basic EPS": 0.88,
        "Diluted NI Availto Com Stockholders": 41537000.0,
        "Net Income Common Stockholders": 41537000.0,
        "Net Income": 41537000.0,
        "Net Income Including Noncontrolling Interests": 41537000.0,
        "Net Income Continuous Operations": 41537000.0,
        "Tax Provision": -1782000.0,
        "Pretax Income": 39755000.0,
        "Other Income Expense": 3046000.0,
        "Other Non Operating Income Expenses": 866000.0,
        "Special Income Charges": 0.0,
        "Restructuring And Mergern Acquisition": 0.0,
        "Gain On Sale Of Security": 2180000.0,
        "Net Non Operating Interest Income Expense": -3172000.0,
        "Total Other Finance Cost": 333000.0,
        "Interest Expense Non Operating": 3393000.0,
        "Interest Income Non Operating": 554000.0,
        "Operating Income": 39881000.0,
        "Operating Expense": 74465000.0,
        "Depreciation Amortization Depletion Income Statement": 8628000.0,
        "Depreciation And Amortization In Income Statement": 8628000.0,
        "Amortization": 8628000.0,
        "Amortization Of Intangibles Income Statement": 8628000.0,
        "Selling General And Administration": 65837000.0,
        "Selling And Marketing Expense": 20334000.0,
        "General And Administrative Expense": 45503000.0,
        "Other Gand A": 45503000.0,
        "Salaries And Wages": 51300000.0,
        "Gross Profit": 114346000.0,
        "Cost Of Revenue": 211857000.0,
        "Total Revenue": 326203000.0,
        "Operating Revenue": 326203000.0
    },
    "2024-03-31": {
        "Tax Effect Of Unusual Items": -8241293.360697,
        "Tax Rate For Calcs": 0.303178,
        "Normalized EBITDA": 59548000.0,
        "Total Unusual Items": -27183000.0,
        "Total Unusual Items Excluding Goodwill": -27183000.0,
        "Net Income From Continuing Operation Net Minority Interest": 12563000.0,
        "Reconciled Depreciation": 7005000.0,
        "Reconciled Cost Of Revenue": 214831000.0,
        "EBITDA": 32365000.0,
        "EBIT": 25360000.0,
        "Net Interest Income": -6771000.0,
        "Interest Expense": 7331000.0,
        "Interest Income": 560000.0,
        "Normalized Income": 31504706.639303,
        "Net Income From Continuing And Discontinued Operation": 12563000.0,
        "Total Expenses": 285636000.0,
        "Total Operating Income As Reported": 20459000.0,
        "Diluted Average Shares": 48461538.0,
        "Basic Average Shares": 46666667.0,
        "Diluted EPS": 0.26,
        "Basic EPS": 0.27,
        "Diluted NI Availto Com Stockholders": 12563000.0,
        "Net Income Common Stockholders": 12563000.0,
        "Net Income": 12563000.0,
        "Net Income Including Noncontrolling Interests": 12563000.0,
        "Net Income Continuous Operations": 12563000.0,
        "Tax Provision": 5466000.0,
        "Pretax Income": 18029000.0,
        "Other Income Expense": -26249000.0,
        "Other Non Operating Income Expenses": 934000.0,
        "Special Income Charges": -30344000.0,
        "Restructuring And Mergern Acquisition": -538000.0,
        "Gain On Sale Of Security": 3161000.0,
        "Net Non Operating Interest Income Expense": -6771000.0,
        "Total Other Finance Cost": NaN,
        "Interest Expense Non Operating": 7331000.0,
        "Interest Income Non Operating": 560000.0,
        "Operating Income": 51135000.0,
        "Operating Expense": 70805000.0,
        "Depreciation Amortization Depletion Income Statement": 7005000.0,
        "Depreciation And Amortization In Income Statement": 7005000.0,
        "Amortization": 7005000.0,
        "Amortization Of Intangibles Income Statement": 7005000.0,
        "Selling General And Administration": 63800000.0,
        "Selling And Marketing Expense": 3700000.0,
        "General And Administrative Expense": 60100000.0,
        "Other Gand A": 12500000.0,
        "Salaries And Wages": 47600000.0,
        "Gross Profit": 121940000.0,
        "Cost Of Revenue": 214831000.0,
        "Total Revenue": 336771000.0,
        "Operating Revenue": 336771000.0
    },
    "2024-06-30": {
        "Tax Effect Of Unusual Items": 441129.937712,
        "Tax Rate For Calcs": 0.239875,
        "Normalized EBITDA": 54456000.0,
        "Total Unusual Items": 1839000.0,
        "Total Unusual Items Excluding Goodwill": 1839000.0,
        "Net Income From Continuing Operation Net Minority Interest": 28922000.0,
        "Reconciled Depreciation": 13865000.0,
        "Reconciled Cost Of Revenue": 202496000.0,
        "EBITDA": 56295000.0,
        "EBIT": 42430000.0,
        "Net Interest Income": -3926000.0,
        "Interest Expense": 4381000.0,
        "Interest Income": 455000.0,
        "Normalized Income": 27524129.937712,
        "Net Income From Continuing And Discontinued Operation": 28922000.0,
        "Total Expenses": 283661000.0,
        "Total Operating Income As Reported": 38573000.0,
        "Diluted Average Shares": 47425017.0,
        "Basic Average Shares": 45443899.0,
        "Diluted EPS": 0.61,
        "Basic EPS": 0.64,
        "Diluted NI Availto Com Stockholders": 28922000.0,
        "Net Income Common Stockholders": 28922000.0,
        "Net Income": 28922000.0,
        "Net Income Including Noncontrolling Interests": 28922000.0,
        "Net Income Continuous Operations": 28922000.0,
        "Tax Provision": 9127000.0,
        "Pretax Income": 38049000.0,
        "Other Income Expense": 2427000.0,
        "Other Non Operating Income Expenses": 588000.0,
        "Special Income Charges": NaN,
        "Restructuring And Mergern Acquisition": NaN,
        "Gain On Sale Of Security": 1839000.0,
        "Net Non Operating Interest Income Expense": -3926000.0,
        "Total Other Finance Cost": NaN,
        "Interest Expense Non Operating": 4381000.0,
        "Interest Income Non Operating": 455000.0,
        "Operating Income": 39454000.0,
        "Operating Expense": 74218000.0,
        "Depreciation Amortization Depletion Income Statement": 6918000.0,
        "Depreciation And Amortization In Income Statement": 6918000.0,
        "Amortization": 6918000.0,
        "Amortization Of Intangibles Income Statement": 6918000.0,
        "Selling General And Administration": 67300000.0,
        "Selling And Marketing Expense": 5300000.0,
        "General And Administrative Expense": 62000000.0,
        "Other Gand A": 12300000.0,
        "Salaries And Wages": 49700000.0,
        "Gross Profit": 113672000.0,
        "Cost Of Revenue": 209443000.0,
        "Total Revenue": 323115000.0,
        "Operating Revenue": 323115000.0
    },
    "2024-09-30": {
        "Tax Effect Of Unusual Items": 348705.371123,
        "Tax Rate For Calcs": 0.05176,
        "Normalized EBITDA": 56728000.0,
        "Total Unusual Items": 6737000.0,
        "Total Unusual Items Excluding Goodwill": 6737000.0,
        "Net Income From Continuing Operation Net Minority Interest": 41788000.0,
        "Reconciled Depreciation": 13975000.0,
        "Reconciled Cost Of Revenue": 200310000.0,
        "EBITDA": 63465000.0,
        "EBIT": 49490000.0,
        "Net Interest Income": -5185000.0,
        "Interest Expense": 5421000.0,
        "Interest Income": 637000.0,
        "Normalized Income": 35399705.371123,
        "Net Income From Continuing And Discontinued Operation": 41788000.0,
        "Total Expenses": 280875000.0,
        "Total Operating Income As Reported": 41316000.0,
        "Diluted Average Shares": 45416308.0,
        "Basic Average Shares": 43457284.0,
        "Diluted EPS": 0.92,
        "Basic EPS": 0.96,
        "Diluted NI Availto Com Stockholders": 41788000.0,
        "Net Income Common Stockholders": 41788000.0,
        "Net Income": 41788000.0,
        "Net Income Including Noncontrolling Interests": 41788000.0,
        "Net Income Continuous Operations": 41788000.0,
        "Tax Provision": 2281000.0,
        "Pretax Income": 44069000.0,
        "Other Income Expense": 7522000.0,
        "Other Non Operating Income Expenses": 785000.0,
        "Special Income Charges": 4374000.0,
        "Restructuring And Mergern Acquisition": -4374000.0,
        "Gain On Sale Of Security": 2363000.0,
        "Net Non Operating Interest Income Expense": -5185000.0,
        "Total Other Finance Cost": 401000.0,
        "Interest Expense Non Operating": 5421000.0,
        "Interest Income Non Operating": 637000.0,
        "Operating Income": 41732000.0,
        "Operating Expense": 73598000.0,
        "Depreciation Amortization Depletion Income Statement": 7008000.0,
        "Depreciation And Amortization In Income Statement": 7008000.0,
        "Amortization": 7008000.0,
        "Amortization Of Intangibles Income Statement": 7008000.0,
        "Selling General And Administration": 66590000.0,
        "Selling And Marketing Expense": 21334000.0,
        "General And Administrative Expense": 45256000.0,
        "Other Gand A": 45256000.0,
        "Salaries And Wages": NaN,
        "Gross Profit": 115330000.0,
        "Cost Of Revenue": 207277000.0,
        "Total Revenue": 322607000.0,
        "Operating Revenue": 322607000.0
    },
    "2024-12-31": {
        "Tax Effect Of Unusual Items": 2617514.044216,
        "Tax Rate For Calcs": 0.160407,
        "Normalized EBITDA": 59929000.0,
        "Total Unusual Items": 16318000.0,
        "Total Unusual Items Excluding Goodwill": 16318000.0,
        "Net Income From Continuing Operation Net Minority Interest": 48573000.0,
        "Reconciled Depreciation": 14138000.0,
        "Reconciled Cost Of Revenue": 209336000.0,
        "EBITDA": 76247000.0,
        "EBIT": 62109000.0,
        "Net Interest Income": -4000000.0,
        "Interest Expense": 4256000.0,
        "Interest Income": 654000.0,
        "Normalized Income": 34872514.044216,
        "Net Income From Continuing And Discontinued Operation": 48573000.0,
        "Total Expenses": 287993000.0,
        "Total Operating Income As Reported": 45237000.0,
        "Diluted Average Shares": 45205037.0,
        "Basic Average Shares": 43403903.0,
        "Diluted EPS": 1.07,
        "Basic EPS": 1.12,
        "Diluted NI Availto Com Stockholders": 48573000.0,
        "Net Income Common Stockholders": 48573000.0,
        "Net Income": 48573000.0,
        "Net Income Including Noncontrolling Interests": 48573000.0,
        "Net Income Continuous Operations": 48573000.0,
        "Tax Provision": 9280000.0,
        "Pretax Income": 57853000.0,
        "Other Income Expense": 16883000.0,
        "Other Non Operating Income Expenses": 565000.0,
        "Special Income Charges": 13716000.0,
        "Restructuring And Mergern Acquisition": -13716000.0,
        "Gain On Sale Of Security": 2602000.0,
        "Net Non Operating Interest Income Expense": -4000000.0,
        "Total Other Finance Cost": 398000.0,
        "Interest Expense Non Operating": 4256000.0,
        "Interest Income Non Operating": 654000.0,
        "Operating Income": 44970000.0,
        "Operating Expense": 71585000.0,
        "Depreciation Amortization Depletion Income Statement": 7066000.0,
        "Depreciation And Amortization In Income Statement": 7066000.0,
        "Amortization": 7066000.0,
        "Amortization Of Intangibles Income Statement": 7066000.0,
        "Selling General And Administration": 64519000.0,
        "Selling And Marketing Expense": 20075000.0,
        "General And Administrative Expense": 44444000.0,
        "Other Gand A": 44444000.0,
        "Salaries And Wages": NaN,
        "Gross Profit": 116555000.0,
        "Cost Of Revenue": 216408000.0,
        "Total Revenue": 332963000.0,
        "Operating Revenue": 332963000.0
    }
}