{
    "2023-03-31": {
        "Tax Effect Of Unusual Items": NaN,
        "Tax Rate For Calcs": NaN,
        "Normalized EBITDA": NaN,
        "Total Unusual Items": NaN,
        "Total Unusual Items Excluding Goodwill": NaN,
        "Net Income From Continuing Operation Net Minority Interest": NaN,
        "Reconciled Depreciation": NaN,
        "Reconciled Cost Of Revenue": NaN,
        "EBITDA": NaN,
        "EBIT": NaN,
        "Net Interest Income": NaN,
        "Interest Expense": NaN,
        "Interest Income": NaN,
        "Normalized Income": NaN,
        "Net Income From Continuing And Discontinued Operation": NaN,
        "Total Expenses": NaN,
        "Total Operating Income As Reported": NaN,
        "Diluted Average Shares": 124439000.0,
        "Basic Average Shares": 124439000.0,
        "Diluted EPS": -0.8,
        "Basic EPS": -0.8,
        "Diluted NI Availto Com Stockholders": NaN,
        "Net Income Common Stockholders": NaN,
        "Net Income": NaN,
        "Net Income Including Noncontrolling Interests": NaN,
        "Net Income Discontinuous Operations": -16400000.0,
        "Net Income Continuous Operations": NaN,
        "Tax Provision": NaN,
        "Pretax Income": NaN,
        "Other Income Expense": NaN,
        "Other Non Operating Income Expenses": NaN,
        "Special Income Charges": NaN,
        "Gain On Sale Of Ppe": NaN,
        "Other Special Charges": NaN,
        "Restructuring And Mergern Acquisition": NaN,
        "Earnings From Equity Interest": 0.0,
        "Gain On Sale Of Security": NaN,
        "Net Non Operating Interest Income Expense": NaN,
        "Interest Expense Non Operating": NaN,
        "Interest Income Non Operating": NaN,
        "Operating Income": NaN,
        "Operating Expense": NaN,
        "Depreciation Amortization Depletion Income Statement": NaN,
        "Depreciation And Amortization In Income Statement": NaN,
        "Amortization": NaN,
        "Amortization Of Intangibles Income Statement": NaN,
        "Research And Development": NaN,
        "Selling General And Administration": NaN,
        "Gross Profit": NaN,
        "Cost Of Revenue": NaN,
        "Total Revenue": NaN,
        "Operating Revenue": NaN
    },
    "2022-12-31": {
        "Tax Effect Of Unusual Items": NaN,
        "Tax Rate For Calcs": NaN,
        "Normalized EBITDA": NaN,
        "Total Unusual Items": NaN,
        "Total Unusual Items Excluding Goodwill": NaN,
        "Net Income From Continuing Operation Net Minority Interest": NaN,
        "Reconciled Depreciation": NaN,
        "Reconciled Cost Of Revenue": NaN,
        "EBITDA": NaN,
        "EBIT": NaN,
        "Net Interest Income": NaN,
        "Interest Expense": NaN,
        "Interest Income": NaN,
        "Normalized Income": NaN,
        "Net Income From Continuing And Discontinued Operation": NaN,
        "Total Expenses": NaN,
        "Total Operating Income As Reported": NaN,
        "Diluted Average Shares": NaN,
        "Basic Average Shares": NaN,
        "Diluted EPS": NaN,
        "Basic EPS": NaN,
        "Diluted NI Availto Com Stockholders": NaN,
        "Net Income Common Stockholders": NaN,
        "Net Income": NaN,
        "Net Income Including Noncontrolling Interests": NaN,
        "Net Income Discontinuous Operations": NaN,
        "Net Income Continuous Operations": NaN,
        "Tax Provision": NaN,
        "Pretax Income": NaN,
        "Other Income Expense": NaN,
        "Other Non Operating Income Expenses": NaN,
        "Special Income Charges": NaN,
        "Gain On Sale Of Ppe": NaN,
        "Other Special Charges": NaN,
        "Restructuring And Mergern Acquisition": NaN,
        "Earnings From Equity Interest": 0.0,
        "Gain On Sale Of Security": NaN,
        "Net Non Operating Interest Income Expense": NaN,
        "Interest Expense Non Operating": NaN,
        "Interest Income Non Operating": NaN,
        "Operating Income": NaN,
        "Operating Expense": NaN,
        "Depreciation Amortization Depletion Income Statement": NaN,
        "Depreciation And Amortization In Income Statement": NaN,
        "Amortization": NaN,
        "Amortization Of Intangibles Income Statement": NaN,
        "Research And Development": NaN,
        "Selling General And Administration": NaN,
        "Gross Profit": NaN,
        "Cost Of Revenue": NaN,
        "Total Revenue": NaN,
        "Operating Revenue": NaN
    },
    "2022-09-30": {
        "Tax Effect Of Unusual Items": -21000.0,
        "Tax Rate For Calcs": 0.21,
        "Normalized EBITDA": -37500000.0,
        "Total Unusual Items": -100000.0,
        "Total Unusual Items Excluding Goodwill": -100000.0,
        "Net Income From Continuing Operation Net Minority Interest": -26200000.0,
        "Reconciled Depreciation": 38000000.0,
        "Reconciled Cost Of Revenue": 126300000.0,
        "EBITDA": -37600000.0,
        "EBIT": -75600000.0,
        "Net Interest Income": -500000.0,
        "Interest Expense": 4800000.0,
        "Interest Income": 4300000.0,
        "Normalized Income": -26121000.0,
        "Net Income From Continuing And Discontinued Operation": -26200000.0,
        "Total Expenses": 316900000.0,
        "Total Operating Income As Reported": -75700000.0,
        "Diluted Average Shares": 124035000.0,
        "Basic Average Shares": 124035000.0,
        "Diluted EPS": -0.21,
        "Basic EPS": -0.21,
        "Diluted NI Availto Com Stockholders": -26200000.0,
        "Net Income Common Stockholders": -26200000.0,
        "Net Income": -26200000.0,
        "Net Income Including Noncontrolling Interests": -26200000.0,
        "Net Income Discontinuous Operations": NaN,
        "Net Income Continuous Operations": -26200000.0,
        "Tax Provision": 200000.0,
        "Pretax Income": -26000000.0,
        "Other Income Expense": 49600000.0,
        "Other Non Operating Income Expenses": 49700000.0,
        "Special Income Charges": -100000.0,
        "Gain On Sale Of Ppe": -100000.0,
        "Other Special Charges": -48400000.0,
        "Restructuring And Mergern Acquisition": 41400000.0,
        "Earnings From Equity Interest": NaN,
        "Net Non Operating Interest Income Expense": -500000.0,
        "Interest Expense Non Operating": 4800000.0,
        "Interest Income Non Operating": 4300000.0,
        "Operating Income": -75600000.0,
        "Operating Expense": 155500000.0,
        "Other Operating Expenses": 42400000.0,
        "Depreciation Amortization Depletion Income Statement": 2900000.0,
        "Depreciation And Amortization In Income Statement": 2900000.0,
        "Amortization": 2900000.0,
        "Amortization Of Intangibles Income Statement": 2900000.0,
        "Research And Development": 55200000.0,
        "Selling General And Administration": 55000000.0,
        "Gross Profit": 79900000.0,
        "Cost Of Revenue": 161400000.0,
        "Total Revenue": 241300000.0,
        "Operating Revenue": 241300000.0
    },
    "2022-06-30": {
        "Tax Effect Of Unusual Items": 0.0,
        "Tax Rate For Calcs": 0.4,
        "Normalized EBITDA": -55900000.0,
        "Total Unusual Items": 0.0,
        "Total Unusual Items Excluding Goodwill": 0.0,
        "Net Income From Continuing Operation Net Minority Interest": -61800000.0,
        "Reconciled Depreciation": 3000000.0,
        "Reconciled Cost Of Revenue": 149600000.0,
        "EBITDA": -55900000.0,
        "EBIT": -58900000.0,
        "Net Interest Income": -4000000.0,
        "Interest Expense": 8000000.0,
        "Interest Income": 4000000.0,
        "Normalized Income": -61800000.0,
        "Net Income From Continuing And Discontinued Operation": 32400000.0,
        "Total Expenses": 287400000.0,
        "Total Operating Income As Reported": -58900000.0,
        "Diluted Average Shares": 123729000.0,
        "Basic Average Shares": 123729000.0,
        "Diluted EPS": 0.26,
        "Basic EPS": 0.26,
        "Diluted NI Availto Com Stockholders": 32400000.0,
        "Net Income Common Stockholders": 32400000.0,
        "Net Income": 32400000.0,
        "Minority Interests": 0.0,
        "Net Income Including Noncontrolling Interests": 32400000.0,
        "Net Income Discontinuous Operations": 94200000.0,
        "Net Income Continuous Operations": -61800000.0,
        "Tax Provision": 300000.0,
        "Pretax Income": -61500000.0,
        "Other Income Expense": -2600000.0,
        "Other Non Operating Income Expenses": -2600000.0,
        "Special Income Charges": 0.0,
        "Gain On Sale Of Ppe": 0.0,
        "Other Special Charges": 0.0,
        "Restructuring And Mergern Acquisition": 31600000.0,
        "Earnings From Equity Interest": NaN,
        "Gain On Sale Of Security": -600000.0,
        "Net Non Operating Interest Income Expense": -4000000.0,
        "Interest Expense Non Operating": 8000000.0,
        "Interest Income Non Operating": 4000000.0,
        "Operating Income": -58900000.0,
        "Operating Expense": 137800000.0,
        "Other Operating Expenses": 31600000.0,
        "Depreciation Amortization Depletion Income Statement": 3000000.0,
        "Depreciation And Amortization In Income Statement": 3000000.0,
        "Amortization": 3000000.0,
        "Amortization Of Intangibles Income Statement": 3000000.0,
        "Research And Development": 48200000.0,
        "Selling General And Administration": 55000000.0,
        "Gross Profit": 78900000.0,
        "Cost Of Revenue": 149600000.0,
        "Total Revenue": 228500000.0,
        "Operating Revenue": 228500000.0
    },
    "2022-03-31": {
        "Diluted EPS": -0.54,
        "Total Revenue": 188,
        "Gross Profit": 64,
        "Operating Income": -62,
        "EBIT": -27,
        "Net Income": -67
    },
    "2021-12-31": {
        "Diluted EPS": -0.82,
        "Total Revenue": 173,
        "Gross Profit": 57,
        "Operating Income": -61,
        "EBIT": -23,
        "Net Income": -97
    },
    "2021-09-30": {
        "Diluted EPS": -0.6,
        "Total Revenue": 157,
        "Gross Profit": 49,
        "Operating Income": -66,
        "EBIT": -24,
        "Net Income": -70
    },
    "2021-06-30": {
        "Diluted EPS": -1.27,
        "Total Revenue": 146,
        "Gross Profit": 44,
        "Operating Income": -133,
        "EBIT": -92,
        "Net Income": -148
    },
    "2021-03-31": {
        "Diluted EPS": -0.96,
        "Total Revenue": 137,
        "Gross Profit": 44,
        "Operating Income": -61,
        "EBIT": -19,
        "Net Income": -109
    },
    "2020-12-31": {
        "Diluted EPS": -0.75,
        "Total Revenue": 127,
        "Gross Profit": 41,
        "Operating Income": -58,
        "EBIT": -18,
        "Net Income": -83
    },
    "2020-09-30": {
        "Diluted EPS": -1.68,
        "Total Revenue": 116,
        "Gross Profit": 36,
        "Operating Income": -62,
        "EBIT": -24,
        "Net Income": -184
    },
    "2020-06-30": {
        "Diluted EPS": -0.37,
        "Total Revenue": -7,
        "Gross Profit": 7,
        "Operating Income": -74,
        "EBIT": -40,
        "Net Income": -40
    },
    "2020-03-31": {
        "Diluted EPS": -0.56,
        "Total Revenue": 114,
        "Gross Profit": 41,
        "Operating Income": -48,
        "EBIT": -14,
        "Net Income": -60
    },
    "2019-12-31": {
        "Diluted EPS": -0.5,
        "Total Revenue": 121,
        "Gross Profit": 36,
        "Operating Income": -63,
        "EBIT": -40,
        "Net Income": -54
    },
    "2019-09-30": {
        "Diluted EPS": -0.35,
        "Total Revenue": 243,
        "Gross Profit": 74,
        "Operating Income": -39,
        "EBIT": -5,
        "Net Income": -38
    },
    "2019-06-30": {
        "Diluted EPS": -0.33,
        "Total Revenue": 251,
        "Gross Profit": 89,
        "Operating Income": -26,
        "EBIT": -27,
        "Net Income": -134
    },
    "2019-03-31": {
        "Diluted EPS": -2.2,
        "Total Revenue": 274,
        "Gross Profit": 101,
        "Operating Income": -11,
        "EBIT": 27,
        "Net Income": -228
    },
    "2018-12-31": {
        "Diluted EPS": -0.02,
        "Total Revenue": 281,
        "Gross Profit": 104,
        "Operating Income": 10,
        "EBIT": 48,
        "Net Income": -3
    },
    "2018-09-30": {
        "Diluted EPS": -0.11,
        "Total Revenue": 274,
        "Gross Profit": 98,
        "Operating Income": 11,
        "EBIT": 43,
        "Net Income": -11
    },
    "2018-06-30": {
        "Diluted EPS": -0.29,
        "Total Revenue": 266,
        "Gross Profit": 88,
        "Operating Income": -8,
        "EBIT": -9,
        "Net Income": -33
    },
    "2018-03-31": {
        "Diluted EPS": -2.4,
        "Total Revenue": 225,
        "Gross Profit": 75,
        "Operating Income": -6,
        "EBIT": 34,
        "Net Income": -241
    },
    "2017-12-31": {
        "Diluted EPS": 0.14,
        "Total Revenue": 368,
        "Gross Profit": 93,
        "Operating Income": -26,
        "EBIT": 12,
        "Net Income": 14
    },
    "2017-09-30": {
        "Diluted EPS": -0.2,
        "Total Revenue": 360,
        "Gross Profit": 100,
        "Operating Income": -14,
        "EBIT": 25,
        "Net Income": -20
    },
    "2017-06-30": {
        "Diluted EPS": -0.06,
        "Total Revenue": 359,
        "Gross Profit": 98,
        "Operating Income": -13,
        "EBIT": 25,
        "Net Income": -6
    },
    "2017-03-31": {
        "Diluted EPS": -1.02,
        "Total Revenue": 342,
        "Gross Profit": 86,
        "Operating Income": -20,
        "EBIT": 32,
        "Net Income": -99
    },
    "2016-12-31": {
        "Diluted EPS": 0.06,
        "Total Revenue": 401,
        "Gross Profit": 141,
        "Operating Income": 20,
        "EBIT": 48,
        "Net Income": 6
    },
    "2016-09-30": {
        "Diluted EPS": 0.01,
        "Total Revenue": 371,
        "Gross Profit": 110,
        "Operating Income": -5,
        "EBIT": 32,
        "Net Income": 1
    },
    "2016-06-30": {
        "Diluted EPS": -0.1,
        "Total Revenue": 474,
        "Gross Profit": 160,
        "Operating Income": 3,
        "EBIT": 43,
        "Net Income": -11
    },
    "2016-03-31": {
        "Diluted EPS": 0.0,
        "Total Revenue": 367,
        "Gross Profit": 109,
        "Operating Income": -5,
        "EBIT": 35,
        "Net Income": 0
    },
    "2015-12-31": {
        "Diluted EPS": 0.13,
        "Total Revenue": 394,
        "Gross Profit": 111,
        "Operating Income": 3,
        "EBIT": 45,
        "Net Income": 13
    },
    "2015-09-30": {
        "Diluted EPS": -0.24,
        "Total Revenue": 382,
        "Gross Profit": 107,
        "Operating Income": -12,
        "EBIT": 31,
        "Net Income": -24
    },
    "2015-06-30": {
        "Diluted EPS": -0.76,
        "Total Revenue": 382,
        "Gross Profit": 76,
        "Operating Income": -96,
        "EBIT": -53,
        "Net Income": -88
    },
    "2015-03-31": {
        "Diluted EPS": 0.0,
        "Total Revenue": 410,
        "Gross Profit": 125,
        "Operating Income": 1,
        "EBIT": 47,
        "Net Income": 0
    },
    "2014-12-31": {
        "Diluted EPS": 0.1,
        "Total Revenue": 413,
        "Gross Profit": 137,
        "Operating Income": 10,
        "EBIT": 55,
        "Net Income": 12
    },
    "2014-09-30": {
        "Diluted EPS": 0.09,
        "Total Revenue": 428,
        "Gross Profit": 136,
        "Operating Income": 11,
        "EBIT": 57,
        "Net Income": 11
    },
    "2014-06-30": {
        "Diluted EPS": 0.23,
        "Total Revenue": 436,
        "Gross Profit": 161,
        "Operating Income": 31,
        "EBIT": 80,
        "Net Income": 29
    },
    "2014-03-31": {
        "Diluted EPS": 0.23,
        "Total Revenue": 405,
        "Gross Profit": 150,
        "Operating Income": 30,
        "EBIT": 74,
        "Net Income": 28
    },
    "2013-12-31": {
        "Diluted EPS": 0.29,
        "Total Revenue": 415,
        "Gross Profit": 156,
        "Operating Income": 35,
        "EBIT": 78,
        "Net Income": 36
    },
    "2013-09-30": {
        "Diluted EPS": 0.25,
        "Total Revenue": 391,
        "Gross Profit": 151,
        "Operating Income": 37,
        "EBIT": 79,
        "Net Income": 30
    },
    "2013-06-30": {
        "Diluted EPS": 0.23,
        "Total Revenue": 375,
        "Gross Profit": 141,
        "Operating Income": 31,
        "EBIT": 72,
        "Net Income": 28
    },
    "2013-03-31": {
        "Diluted EPS": 0.19,
        "Total Revenue": 349,
        "Gross Profit": 133,
        "Operating Income": 23,
        "EBIT": 64,
        "Net Income": 22
    },
    "2012-12-31": {
        "Diluted EPS": 0.18,
        "Total Revenue": 346,
        "Gross Profit": 133,
        "Operating Income": 25,
        "EBIT": 67,
        "Net Income": 20
    },
    "2012-09-30": {
        "Diluted EPS": 0.14,
        "Total Revenue": 316,
        "Gross Profit": 116,
        "Operating Income": 17,
        "EBIT": 56,
        "Net Income": 16
    },
    "2012-06-30": {
        "Diluted EPS": 0.1,
        "Total Revenue": 307,
        "Gross Profit": 107,
        "Operating Income": 9,
        "EBIT": 49,
        "Net Income": 10
    },
    "2012-03-31": {
        "Diluted EPS": 0.08,
        "Total Revenue": 285,
        "Gross Profit": 99,
        "Operating Income": 5,
        "EBIT": 44,
        "Net Income": 9
    },
    "2011-12-31": {
        "Diluted EPS": 0.1,
        "Total Revenue": 304,
        "Gross Profit": 105,
        "Operating Income": 12,
        "EBIT": 50,
        "Net Income": 12
    },
    "2011-09-30": {
        "Diluted EPS": 0.11,
        "Total Revenue": 269,
        "Gross Profit": 98,
        "Operating Income": 13,
        "EBIT": 47,
        "Net Income": 13
    },
    "2011-06-30": {
        "Diluted EPS": 0.18,
        "Total Revenue": 243,
        "Gross Profit": 93,
        "Operating Income": 20,
        "EBIT": 54,
        "Net Income": 20
    },
    "2011-03-31": {
        "Diluted EPS": 0.17,
        "Total Revenue": 219,
        "Gross Profit": 91,
        "Operating Income": 20,
        "EBIT": 52,
        "Net Income": 19
    },
    "2010-12-31": {
        "Diluted EPS": 0.45,
        "Total Revenue": 257,
        "Gross Profit": 121,
        "Operating Income": 55,
        "EBIT": 85,
        "Net Income": 50
    },
    "2010-09-30": {
        "Diluted EPS": 0.53,
        "Total Revenue": 268,
        "Gross Profit": 131,
        "Operating Income": 73,
        "EBIT": 102,
        "Net Income": 58
    },
    "2010-06-30": {
        "Diluted EPS": 0.49,
        "Total Revenue": 265,
        "Gross Profit": 131,
        "Operating Income": 69,
        "EBIT": 96,
        "Net Income": 53
    },
    "2010-03-31": {
        "Diluted EPS": 0.41,
        "Total Revenue": 234,
        "Gross Profit": 112,
        "Operating Income": 57,
        "EBIT": 82,
        "Net Income": 45
    },
    "2009-12-31": {
        "Diluted EPS": 0.32,
        "Total Revenue": 199,
        "Gross Profit": 94,
        "Operating Income": 46,
        "EBIT": 70,
        "Net Income": 34
    },
    "2009-09-30": {
        "Diluted EPS": 0.23,
        "Total Revenue": 169,
        "Gross Profit": 74,
        "Operating Income": 27,
        "EBIT": 50,
        "Net Income": 21
    },
    "2009-06-30": {
        "Diluted EPS": 0.1,
        "Total Revenue": 148,
        "Gross Profit": 59,
        "Operating Income": 11,
        "EBIT": 36,
        "Net Income": 10
    },
    "2009-03-31": {
        "Diluted EPS": 0.05,
        "Total Revenue": 131,
        "Gross Profit": 47,
        "Operating Income": 3,
        "EBIT": 27,
        "Net Income": 4
    },
    "2023-06-30": {
        "Tax Effect Of Unusual Items": -11025000.0,
        "Tax Rate For Calcs": 0.21,
        "Normalized EBITDA": 1200000.0,
        "Total Unusual Items": -52500000.0,
        "Total Unusual Items Excluding Goodwill": -52500000.0,
        "Net Income From Continuing Operation Net Minority Interest": -113300000.0,
        "Reconciled Depreciation": 45800000.0,
        "Reconciled Cost Of Revenue": 128000000.0,
        "EBITDA": -51300000.0,
        "EBIT": -97100000.0,
        "Net Interest Income": 4200000.0,
        "Interest Expense": 15900000.0,
        "Interest Income": 20100000.0,
        "Normalized Income": -71825000.0,
        "Net Income From Continuing And Discontinued Operation": -113300000.0,
        "Total Expenses": 295000000.0,
        "Total Operating Income As Reported": -111700000.0,
        "Diluted Average Shares": 124679000.0,
        "Basic Average Shares": 124679000.0,
        "Diluted EPS": -0.91,
        "Basic EPS": -0.91,
        "Diluted NI Availto Com Stockholders": -113300000.0,
        "Net Income Common Stockholders": -113300000.0,
        "Net Income": -113300000.0,
        "Net Income Including Noncontrolling Interests": -113300000.0,
        "Net Income Discontinuous Operations": NaN,
        "Net Income Continuous Operations": -113300000.0,
        "Tax Provision": 300000.0,
        "Pretax Income": -113000000.0,
        "Other Income Expense": -58000000.0,
        "Other Non Operating Income Expenses": -5500000.0,
        "Special Income Charges": -2200000.0,
        "Gain On Sale Of Ppe": -100000.0,
        "Other Special Charges": 107900000.0,
        "Restructuring And Mergern Acquisition": -105800000.0,
        "Earnings From Equity Interest": NaN,
        "Gain On Sale Of Security": NaN,
        "Net Non Operating Interest Income Expense": 4200000.0,
        "Interest Expense Non Operating": 15900000.0,
        "Interest Income Non Operating": 20100000.0,
        "Operating Income": -59200000.0,
        "Operating Expense": 123800000.0,
        "Depreciation Amortization Depletion Income Statement": 2600000.0,
        "Depreciation And Amortization In Income Statement": 2600000.0,
        "Amortization": 2600000.0,
        "Amortization Of Intangibles Income Statement": 2600000.0,
        "Research And Development": 57100000.0,
        "Selling General And Administration": 64100000.0,
        "Gross Profit": 64600000.0,
        "Cost Of Revenue": 171200000.0,
        "Total Revenue": 235800000.0,
        "Operating Revenue": 235800000.0
    },
    "2023-09-30": {
        "Tax Effect Of Unusual Items": -2331000.0,
        "Tax Rate For Calcs": 0.21,
        "Normalized EBITDA": -10500000.0,
        "Total Unusual Items": -11100000.0,
        "Total Unusual Items Excluding Goodwill": -11100000.0,
        "Net Income From Continuing Operation Net Minority Interest": -123600000.0,
        "Reconciled Depreciation": 40100000.0,
        "Reconciled Cost Of Revenue": 132900000.0,
        "EBITDA": -21600000.0,
        "EBIT": -61700000.0,
        "Net Interest Income": -21100000.0,
        "Interest Expense": 61700000.0,
        "Interest Income": 40600000.0,
        "Normalized Income": -114831000.0,
        "Net Income From Continuing And Discontinued Operation": -395700000.0,
        "Total Expenses": 281200000.0,
        "Total Operating Income As Reported": -94900000.0,
        "Diluted Average Shares": 125105000.0,
        "Basic Average Shares": 125105000.0,
        "Diluted EPS": -3.16,
        "Basic EPS": -3.16,
        "Diluted NI Availto Com Stockholders": -395700000.0,
        "Net Income Common Stockholders": -395700000.0,
        "Net Income": -395700000.0,
        "Net Income Including Noncontrolling Interests": -395700000.0,
        "Net Income Discontinuous Operations": -272100000.0,
        "Net Income Continuous Operations": -123600000.0,
        "Tax Provision": 200000.0,
        "Pretax Income": -123400000.0,
        "Other Income Expense": -18500000.0,
        "Other Non Operating Income Expenses": -7400000.0,
        "Special Income Charges": -11100000.0,
        "Gain On Sale Of Ppe": -100000.0,
        "Other Special Charges": 8400000.0,
        "Restructuring And Mergern Acquisition": 2600000.0,
        "Earnings From Equity Interest": NaN,
        "Gain On Sale Of Security": NaN,
        "Net Non Operating Interest Income Expense": -21100000.0,
        "Interest Expense Non Operating": 61700000.0,
        "Interest Income Non Operating": 40600000.0,
        "Operating Income": -83800000.0,
        "Operating Expense": 108500000.0,
        "Depreciation Amortization Depletion Income Statement": 300000.0,
        "Depreciation And Amortization In Income Statement": 300000.0,
        "Amortization": 300000.0,
        "Amortization Of Intangibles Income Statement": 300000.0,
        "Research And Development": 44100000.0,
        "Selling General And Administration": 64100000.0,
        "Gross Profit": 24700000.0,
        "Cost Of Revenue": 172700000.0,
        "Total Revenue": 197400000.0,
        "Operating Revenue": 197400000.0
    },
    "2023-12-31": {
        "Tax Effect Of Unusual Items": -3234000.0,
        "Tax Rate For Calcs": 0.21,
        "Normalized EBITDA": 2400000.0,
        "Total Unusual Items": -15400000.0,
        "Total Unusual Items Excluding Goodwill": -15400000.0,
        "Net Income From Continuing Operation Net Minority Interest": -126200000.0,
        "Reconciled Depreciation": 48600000.0,
        "Reconciled Cost Of Revenue": 132300000.0,
        "EBITDA": -13000000.0,
        "EBIT": -61600000.0,
        "Net Interest Income": -26100000.0,
        "Interest Expense": 64300000.0,
        "Interest Income": 38200000.0,
        "Normalized Income": -114034000.0,
        "Net Income From Continuing And Discontinued Operation": -144700000.0,
        "Total Expenses": 291100000.0,
        "Total Operating Income As Reported": -98100000.0,
        "Diluted Average Shares": 125602000.0,
        "Basic Average Shares": 125602000.0,
        "Diluted EPS": -1.15,
        "Basic EPS": -1.15,
        "Diluted NI Availto Com Stockholders": -144700000.0,
        "Net Income Common Stockholders": -144700000.0,
        "Net Income": -144700000.0,
        "Net Income Including Noncontrolling Interests": -144700000.0,
        "Net Income Discontinuous Operations": -18500000.0,
        "Net Income Continuous Operations": -126200000.0,
        "Tax Provision": 300000.0,
        "Pretax Income": -125900000.0,
        "Other Income Expense": -17100000.0,
        "Other Non Operating Income Expenses": -7100000.0,
        "Special Income Charges": -15400000.0,
        "Gain On Sale Of Ppe": -300000.0,
        "Other Special Charges": 10500000.0,
        "Restructuring And Mergern Acquisition": 4600000.0,
        "Earnings From Equity Interest": 5400000.0,
        "Gain On Sale Of Security": NaN,
        "Net Non Operating Interest Income Expense": -26100000.0,
        "Interest Expense Non Operating": 64300000.0,
        "Interest Income Non Operating": 38200000.0,
        "Operating Income": -82700000.0,
        "Operating Expense": 110500000.0,
        "Depreciation Amortization Depletion Income Statement": 300000.0,
        "Depreciation And Amortization In Income Statement": 300000.0,
        "Amortization": 300000.0,
        "Amortization Of Intangibles Income Statement": 300000.0,
        "Research And Development": 45300000.0,
        "Selling General And Administration": 64900000.0,
        "Gross Profit": 27800000.0,
        "Cost Of Revenue": 180600000.0,
        "Total Revenue": 208400000.0,
        "Operating Revenue": 208400000.0
    },
    "2024-03-31": {
        "Tax Effect Of Unusual Items": -5481000.0,
        "Tax Rate For Calcs": 0.21,
        "Normalized EBITDA": -16200000.0,
        "Total Unusual Items": -26100000.0,
        "Total Unusual Items Excluding Goodwill": -26100000.0,
        "Net Income From Continuing Operation Net Minority Interest": -148900000.0,
        "Reconciled Depreciation": 47000000.0,
        "Reconciled Cost Of Revenue": 131500000.0,
        "EBITDA": -42300000.0,
        "EBIT": -89300000.0,
        "Net Interest Income": -29400000.0,
        "Interest Expense": 59500000.0,
        "Interest Income": 30100000.0,
        "Normalized Income": -128281000.0,
        "Net Income From Continuing And Discontinued Operation": -148900000.0,
        "Total Expenses": 286800000.0,
        "Total Operating Income As Reported": -106400000.0,
        "Diluted Average Shares": 125830000.0,
        "Basic Average Shares": 125830000.0,
        "Diluted EPS": -1.18,
        "Basic EPS": -1.18,
        "Diluted NI Availto Com Stockholders": -148900000.0,
        "Net Income Common Stockholders": -148900000.0,
        "Net Income": -148900000.0,
        "Net Income Including Noncontrolling Interests": -148900000.0,
        "Net Income Discontinuous Operations": 0.0,
        "Net Income Continuous Operations": -148900000.0,
        "Tax Provision": 100000.0,
        "Pretax Income": -148800000.0,
        "Other Income Expense": -33300000.0,
        "Other Non Operating Income Expenses": -7200000.0,
        "Special Income Charges": -28000000.0,
        "Gain On Sale Of Ppe": -600000.0,
        "Other Special Charges": 22100000.0,
        "Restructuring And Mergern Acquisition": 5300000.0,
        "Earnings From Equity Interest": NaN,
        "Gain On Sale Of Security": 1900000.0,
        "Net Non Operating Interest Income Expense": -29400000.0,
        "Interest Expense Non Operating": 59500000.0,
        "Interest Income Non Operating": 30100000.0,
        "Operating Income": -86100000.0,
        "Operating Expense": 108600000.0,
        "Depreciation Amortization Depletion Income Statement": 300000.0,
        "Depreciation And Amortization In Income Statement": 300000.0,
        "Amortization": 300000.0,
        "Amortization Of Intangibles Income Statement": 300000.0,
        "Research And Development": 52500000.0,
        "Selling General And Administration": 55800000.0,
        "Gross Profit": 22500000.0,
        "Cost Of Revenue": 178200000.0,
        "Total Revenue": 200700000.0,
        "Operating Revenue": 200700000.0
    },
    "2024-06-30": {
        "Tax Effect Of Unusual Items": -3213000.0,
        "Tax Rate For Calcs": 0.21,
        "Normalized EBITDA": -53000000.0,
        "Total Unusual Items": -15300000.0,
        "Total Unusual Items Excluding Goodwill": -15300000.0,
        "Net Income From Continuing Operation Net Minority Interest": -174900000.0,
        "Reconciled Depreciation": 45300000.0,
        "Reconciled Cost Of Revenue": 153200000.0,
        "EBITDA": -68300000.0,
        "EBIT": -113600000.0,
        "Net Interest Income": -34700000.0,
        "Interest Expense": 60800000.0,
        "Interest Income": 26100000.0,
        "Normalized Income": -162813000.0,
        "Net Income From Continuing And Discontinued Operation": -174900000.0,
        "Total Expenses": 320100000.0,
        "Total Operating Income As Reported": -145900000.0,
        "Diluted Average Shares": NaN,
        "Basic Average Shares": NaN,
        "Diluted EPS": NaN,
        "Basic EPS": NaN,
        "Diluted NI Availto Com Stockholders": -174900000.0,
        "Net Income Common Stockholders": -174900000.0,
        "Net Income": -174900000.0,
        "Net Income Including Noncontrolling Interests": -174900000.0,
        "Net Income Discontinuous Operations": 0.0,
        "Net Income Continuous Operations": -174900000.0,
        "Tax Provision": 500000.0,
        "Pretax Income": -174400000.0,
        "Other Income Expense": -20300000.0,
        "Other Non Operating Income Expenses": -5000000.0,
        "Special Income Charges": -26500000.0,
        "Gain On Sale Of Ppe": -200000.0,
        "Other Special Charges": 20500000.0,
        "Restructuring And Mergern Acquisition": 5800000.0,
        "Earnings From Equity Interest": NaN,
        "Gain On Sale Of Security": 11200000.0,
        "Net Non Operating Interest Income Expense": -34700000.0,
        "Interest Expense Non Operating": 60800000.0,
        "Interest Income Non Operating": 26100000.0,
        "Operating Income": -119400000.0,
        "Operating Expense": 121800000.0,
        "Depreciation Amortization Depletion Income Statement": 200000.0,
        "Depreciation And Amortization In Income Statement": 200000.0,
        "Amortization": 200000.0,
        "Amortization Of Intangibles Income Statement": 200000.0,
        "Research And Development": 60000000.0,
        "Selling General And Administration": 61600000.0,
        "Gross Profit": 2400000.0,
        "Cost Of Revenue": 198300000.0,
        "Total Revenue": 200700000.0,
        "Operating Revenue": 200700000.0
    }
}