{
    "2023-05-31": {
        "Tax Effect Of Unusual Items": NaN,
        "Tax Rate For Calcs": NaN,
        "Normalized EBITDA": NaN,
        "Total Unusual Items": NaN,
        "Total Unusual Items Excluding Goodwill": NaN,
        "Net Income From Continuing Operation Net Minority Interest": NaN,
        "Reconciled Depreciation": NaN,
        "Reconciled Cost Of Revenue": NaN,
        "EBITDA": NaN,
        "EBIT": NaN,
        "Net Interest Income": NaN,
        "Interest Expense": NaN,
        "Normalized Income": NaN,
        "Net Income From Continuing And Discontinued Operation": NaN,
        "Total Expenses": NaN,
        "Total Operating Income As Reported": NaN,
        "Diluted Average Shares": NaN,
        "Basic Average Shares": NaN,
        "Diluted EPS": NaN,
        "Basic EPS": NaN,
        "Diluted NI Availto Com Stockholders": NaN,
        "Net Income Common Stockholders": NaN,
        "Net Income": NaN,
        "Minority Interests": NaN,
        "Net Income Including Noncontrolling Interests": NaN,
        "Net Income Discontinuous Operations": NaN,
        "Net Income Continuous Operations": NaN,
        "Tax Provision": NaN,
        "Pretax Income": NaN,
        "Other Income Expense": NaN,
        "Other Non Operating Income Expenses": NaN,
        "Special Income Charges": NaN,
        "Gain On Sale Of Ppe": 0.0,
        "Gain On Sale Of Business": NaN,
        "Other Special Charges": NaN,
        "Impairment Of Capital Assets": 1800000.0,
        "Restructuring And Mergern Acquisition": NaN,
        "Earnings From Equity Interest": NaN,
        "Net Non Operating Interest Income Expense": NaN,
        "Interest Expense Non Operating": NaN,
        "Operating Income": NaN,
        "Operating Expense": NaN,
        "Selling General And Administration": NaN,
        "Gross Profit": NaN,
        "Cost Of Revenue": NaN,
        "Total Revenue": NaN,
        "Operating Revenue": NaN
    },
    "2023-02-28": {
        "Tax Effect Of Unusual Items": NaN,
        "Tax Rate For Calcs": NaN,
        "Normalized EBITDA": NaN,
        "Total Unusual Items": NaN,
        "Total Unusual Items Excluding Goodwill": NaN,
        "Net Income From Continuing Operation Net Minority Interest": NaN,
        "Reconciled Depreciation": NaN,
        "Reconciled Cost Of Revenue": NaN,
        "EBITDA": NaN,
        "EBIT": NaN,
        "Net Interest Income": NaN,
        "Interest Expense": NaN,
        "Normalized Income": NaN,
        "Net Income From Continuing And Discontinued Operation": NaN,
        "Total Expenses": NaN,
        "Total Operating Income As Reported": NaN,
        "Diluted Average Shares": NaN,
        "Basic Average Shares": NaN,
        "Diluted EPS": NaN,
        "Basic EPS": NaN,
        "Diluted NI Availto Com Stockholders": NaN,
        "Net Income Common Stockholders": NaN,
        "Net Income": NaN,
        "Minority Interests": NaN,
        "Net Income Including Noncontrolling Interests": NaN,
        "Net Income Discontinuous Operations": 20507000.0,
        "Net Income Continuous Operations": NaN,
        "Tax Provision": NaN,
        "Pretax Income": NaN,
        "Other Income Expense": NaN,
        "Other Non Operating Income Expenses": NaN,
        "Special Income Charges": NaN,
        "Gain On Sale Of Ppe": NaN,
        "Gain On Sale Of Business": NaN,
        "Other Special Charges": NaN,
        "Impairment Of Capital Assets": NaN,
        "Restructuring And Mergern Acquisition": NaN,
        "Earnings From Equity Interest": NaN,
        "Net Non Operating Interest Income Expense": NaN,
        "Interest Expense Non Operating": NaN,
        "Operating Income": NaN,
        "Operating Expense": NaN,
        "Selling General And Administration": NaN,
        "Gross Profit": NaN,
        "Cost Of Revenue": NaN,
        "Total Revenue": NaN,
        "Operating Revenue": NaN
    },
    "2022-11-30": {
        "Tax Effect Of Unusual Items": -1176468.0,
        "Tax Rate For Calcs": 0.237,
        "Normalized EBITDA": 64566000.0,
        "Total Unusual Items": -4964000.0,
        "Total Unusual Items Excluding Goodwill": -4964000.0,
        "Net Income From Continuing Operation Net Minority Interest": 16218000.0,
        "Reconciled Depreciation": 28354000.0,
        "Reconciled Cost Of Revenue": 1069778000.0,
        "EBITDA": 59602000.0,
        "EBIT": 31248000.0,
        "Net Interest Income": -7612000.0,
        "Interest Expense": 7612000.0,
        "Normalized Income": 20005532.0,
        "Net Income From Continuing And Discontinued Operation": 16218000.0,
        "Total Expenses": 1177591000.0,
        "Total Operating Income As Reported": -7014000.0,
        "Diluted Average Shares": 49330000.0,
        "Basic Average Shares": 48558000.0,
        "Diluted EPS": 0.33,
        "Basic EPS": 0.33,
        "Diluted NI Availto Com Stockholders": 16218000.0,
        "Net Income Common Stockholders": 16218000.0,
        "Net Income": 16218000.0,
        "Minority Interests": -3287000.0,
        "Net Income Including Noncontrolling Interests": 19505000.0,
        "Net Income Continuous Operations": 19505000.0,
        "Tax Provision": 4131000.0,
        "Pretax Income": 23636000.0,
        "Other Income Expense": 33298000.0,
        "Other Non Operating Income Expenses": 1405000.0,
        "Special Income Charges": -4964000.0,
        "Gain On Sale Of Ppe": NaN,
        "Other Special Charges": NaN,
        "Impairment Of Capital Assets": 0.0,
        "Restructuring And Mergern Acquisition": 4964000.0,
        "Earnings From Equity Interest": 36857000.0,
        "Net Non Operating Interest Income Expense": -7612000.0,
        "Interest Expense Non Operating": 7612000.0,
        "Operating Income": -2050000.0,
        "Operating Expense": 107813000.0,
        "Selling General And Administration": 107813000.0,
        "Gross Profit": 105763000.0,
        "Cost Of Revenue": 1069778000.0,
        "Total Revenue": 1175541000.0,
        "Operating Revenue": 1175541000.0
    },
    "2022-08-31": {
        "Tax Effect Of Unusual Items": NaN,
        "Tax Rate For Calcs": NaN,
        "Normalized EBITDA": NaN,
        "Total Unusual Items": NaN,
        "Total Unusual Items Excluding Goodwill": NaN,
        "Net Income From Continuing Operation Net Minority Interest": NaN,
        "Reconciled Depreciation": NaN,
        "Reconciled Cost Of Revenue": NaN,
        "EBITDA": NaN,
        "EBIT": NaN,
        "Net Interest Income": NaN,
        "Interest Expense": NaN,
        "Normalized Income": NaN,
        "Net Income From Continuing And Discontinued Operation": NaN,
        "Total Expenses": NaN,
        "Total Operating Income As Reported": NaN,
        "Diluted Average Shares": NaN,
        "Basic Average Shares": NaN,
        "Diluted EPS": NaN,
        "Basic EPS": NaN,
        "Diluted NI Availto Com Stockholders": NaN,
        "Net Income Common Stockholders": NaN,
        "Net Income": NaN,
        "Minority Interests": NaN,
        "Net Income Including Noncontrolling Interests": NaN,
        "Net Income Discontinuous Operations": NaN,
        "Net Income Continuous Operations": NaN,
        "Tax Provision": NaN,
        "Pretax Income": NaN,
        "Other Income Expense": NaN,
        "Other Non Operating Income Expenses": NaN,
        "Special Income Charges": NaN,
        "Gain On Sale Of Ppe": 1177000.0,
        "Other Special Charges": NaN,
        "Impairment Of Capital Assets": NaN,
        "Restructuring And Mergern Acquisition": NaN,
        "Earnings From Equity Interest": NaN,
        "Net Non Operating Interest Income Expense": NaN,
        "Interest Expense Non Operating": NaN,
        "Operating Income": NaN,
        "Operating Expense": NaN,
        "Selling General And Administration": NaN,
        "Gross Profit": NaN,
        "Cost Of Revenue": NaN,
        "Total Revenue": NaN,
        "Operating Revenue": NaN
    },
    "2022-05-31": {
        "Tax Effect Of Unusual Items": 520775.171295,
        "Tax Rate For Calcs": 0.225054,
        "Normalized EBITDA": 145021000.0,
        "Total Unusual Items": 2314000.0,
        "Total Unusual Items Excluding Goodwill": 2314000.0,
        "Net Income From Continuing Operation Net Minority Interest": 80252000.0,
        "Reconciled Depreciation": 28248000.0,
        "Reconciled Cost Of Revenue": 1352582000.0,
        "EBIT": 119087000.0,
        "Net Interest Income": -8167000.0,
        "Interest Expense": 8167000.0,
        "Normalized Income": 78458775.171295,
        "Net Income From Continuing And Discontinued Operation": 80252000.0,
        "Total Expenses": 1457224000.0,
        "Total Operating Income As Reported": 65395000.0,
        "Diluted Average Shares": 50147000.0,
        "Basic Average Shares": 48767000.0,
        "Diluted EPS": 1.61,
        "Basic EPS": 1.65,
        "Diluted NI Availto Com Stockholders": 80252000.0,
        "Net Income Common Stockholders": 80252000.0,
        "Net Income": 80252000.0,
        "Minority Interests": -5705000.0,
        "Net Income Including Noncontrolling Interests": 85957000.0,
        "Net Income Continuous Operations": 85957000.0,
        "Tax Provision": 24963000.0,
        "Pretax Income": 110920000.0,
        "Other Income Expense": 56006000.0,
        "Other Non Operating Income Expenses": 651000.0,
        "Special Income Charges": 2314000.0,
        "Gain On Sale Of Ppe": 2554000.0,
        "Other Special Charges": 0.0,
        "Impairment Of Capital Assets": 0.0,
        "Restructuring And Mergern Acquisition": -2314000.0,
        "Earnings From Equity Interest": 53041000.0,
        "Net Non Operating Interest Income Expense": -8167000.0,
        "Interest Expense Non Operating": 8167000.0,
        "Operating Income": 63081000.0,
        "Operating Expense": 104642000.0,
        "Selling General And Administration": 104642000.0,
        "Gross Profit": 167723000.0,
        "Cost Of Revenue": 1352582000.0,
        "Total Revenue": 1520305000.0,
        "Operating Revenue": 1520305000.0
    },
    "2022-02-28": {
        "Diluted EPS": 1.11,
        "Total Revenue": NaN,
        "Gross Profit": 143,
        "Operating Income": 38,
        "EBIT": 65,
        "Net Income": 56
    },
    "2021-11-30": {
        "Diluted EPS": 2.15,
        "Total Revenue": NaN,
        "Gross Profit": 185,
        "Operating Income": 90,
        "EBIT": 112,
        "Net Income": 110
    },
    "2021-08-31": {
        "Diluted EPS": 2.61,
        "Total Revenue": NaN,
        "Gross Profit": 219,
        "Operating Income": 136,
        "EBIT": 158,
        "Net Income": 132
    },
    "2021-05-31": {
        "Diluted EPS": 2.33,
        "Total Revenue": 978,
        "Gross Profit": 226,
        "Operating Income": 110,
        "EBIT": 119,
        "Net Income": 114
    },
    "2021-02-28": {
        "Diluted EPS": 1.27,
        "Total Revenue": 759,
        "Gross Profit": 164,
        "Operating Income": 50,
        "EBIT": 85,
        "Net Income": 68
    },
    "2020-11-30": {
        "Diluted EPS": -1.4,
        "Total Revenue": 731,
        "Gross Profit": 135,
        "Operating Income": 37,
        "EBIT": 59,
        "Net Income": -74
    },
    "2020-08-31": {
        "Diluted EPS": 11.22,
        "Total Revenue": 703,
        "Gross Profit": 113,
        "Operating Income": -30,
        "EBIT": -8,
        "Net Income": 617
    },
    "2020-05-31": {
        "Diluted EPS": 0.3,
        "Total Revenue": 612,
        "Gross Profit": 90,
        "Operating Income": 6,
        "EBIT": 37,
        "Net Income": 16
    },
    "2020-02-29": {
        "Diluted EPS": 0.27,
        "Total Revenue": 764,
        "Gross Profit": 116,
        "Operating Income": -1,
        "EBIT": 97,
        "Net Income": 15
    },
    "2019-11-30": {
        "Diluted EPS": 0.93,
        "Total Revenue": 828,
        "Gross Profit": 121,
        "Operating Income": 32,
        "EBIT": 55,
        "Net Income": 52
    },
    "2019-08-31": {
        "Diluted EPS": -0.09,
        "Total Revenue": 856,
        "Gross Profit": 117,
        "Operating Income": -15,
        "EBIT": 10,
        "Net Income": -5
    },
    "2019-05-31": {
        "Diluted EPS": 0.67,
        "Total Revenue": 939,
        "Gross Profit": 126,
        "Operating Income": 32,
        "EBIT": 61,
        "Net Income": 38
    },
    "2019-02-28": {
        "Diluted EPS": 0.46,
        "Total Revenue": 874,
        "Gross Profit": 90,
        "Operating Income": 26,
        "EBIT": 50,
        "Net Income": 27
    },
    "2018-11-30": {
        "Diluted EPS": 0.57,
        "Total Revenue": 958,
        "Gross Profit": 121,
        "Operating Income": 36,
        "EBIT": 59,
        "Net Income": 34
    },
    "2018-08-31": {
        "Diluted EPS": 0.91,
        "Total Revenue": 988,
        "Gross Profit": 143,
        "Operating Income": 51,
        "EBIT": 78,
        "Net Income": 55
    },
    "2018-05-31": {
        "Diluted EPS": 0.5,
        "Total Revenue": NaN,
        "Gross Profit": 163,
        "Operating Income": 5,
        "EBIT": 84,
        "Net Income": 31
    },
    "2018-02-28": {
        "Diluted EPS": 1.27,
        "Total Revenue": 842,
        "Gross Profit": 127,
        "Operating Income": 43,
        "EBIT": 68,
        "Net Income": 79
    },
    "2017-11-30": {
        "Diluted EPS": 0.62,
        "Total Revenue": 871,
        "Gross Profit": 140,
        "Operating Income": 52,
        "EBIT": 87,
        "Net Income": 39
    },
    "2017-08-31": {
        "Diluted EPS": 0.7,
        "Total Revenue": 848,
        "Gross Profit": 133,
        "Operating Income": 42,
        "EBIT": 68,
        "Net Income": 46
    },
    "2017-05-31": {
        "Diluted EPS": 0.86,
        "Total Revenue": 845,
        "Gross Profit": 155,
        "Operating Income": 71,
        "EBIT": 92,
        "Net Income": 56
    },
    "2017-02-28": {
        "Diluted EPS": 0.55,
        "Total Revenue": 703,
        "Gross Profit": 111,
        "Operating Income": 34,
        "EBIT": 56,
        "Net Income": 36
    },
    "2016-11-30": {
        "Diluted EPS": 0.72,
        "Total Revenue": 728,
        "Gross Profit": 123,
        "Operating Income": 43,
        "EBIT": 65,
        "Net Income": 47
    },
    "2016-08-31": {
        "Diluted EPS": 1.02,
        "Total Revenue": 738,
        "Gross Profit": 147,
        "Operating Income": 65,
        "EBIT": 87,
        "Net Income": 66
    },
    "2016-05-31": {
        "Diluted EPS": 0.91,
        "Total Revenue": 715,
        "Gross Profit": 134,
        "Operating Income": 54,
        "EBIT": 102,
        "Net Income": 59
    },
    "2016-02-29": {
        "Diluted EPS": 0.47,
        "Total Revenue": 647,
        "Gross Profit": 96,
        "Operating Income": 25,
        "EBIT": 46,
        "Net Income": 30
    },
    "2015-11-30": {
        "Diluted EPS": 0.36,
        "Total Revenue": 700,
        "Gross Profit": 109,
        "Operating Income": 12,
        "EBIT": 33,
        "Net Income": 23
    },
    "2015-08-31": {
        "Diluted EPS": 0.48,
        "Total Revenue": 758,
        "Gross Profit": 113,
        "Operating Income": 31,
        "EBIT": 52,
        "Net Income": 32
    },
    "2015-05-31": {
        "Diluted EPS": 0.45,
        "Total Revenue": 846,
        "Gross Profit": 110,
        "Operating Income": 27,
        "EBIT": 49,
        "Net Income": 29
    },
    "2015-02-28": {
        "Diluted EPS": -0.39,
        "Total Revenue": 805,
        "Gross Profit": 98,
        "Operating Income": -52,
        "EBIT": -30,
        "Net Income": -26
    },
    "2014-11-30": {
        "Diluted EPS": 0.43,
        "Total Revenue": 871,
        "Gross Profit": 125,
        "Operating Income": 33,
        "EBIT": 54,
        "Net Income": 29
    },
    "2014-08-31": {
        "Diluted EPS": 0.63,
        "Total Revenue": 862,
        "Gross Profit": 130,
        "Operating Income": 52,
        "EBIT": 73,
        "Net Income": 44
    },
    "2014-05-31": {
        "Diluted EPS": 0.46,
        "Total Revenue": 891,
        "Gross Profit": 131,
        "Operating Income": 32,
        "EBIT": 52,
        "Net Income": 33
    },
    "2014-02-28": {
        "Diluted EPS": 0.57,
        "Total Revenue": 773,
        "Gross Profit": 122,
        "Operating Income": 45,
        "EBIT": 65,
        "Net Income": 41
    },
    "2013-11-30": {
        "Diluted EPS": 0.32,
        "Total Revenue": 770,
        "Gross Profit": 128,
        "Operating Income": 19,
        "EBIT": 40,
        "Net Income": 23
    },
    "2013-08-31": {
        "Diluted EPS": 0.76,
        "Total Revenue": 692,
        "Gross Profit": 111,
        "Operating Income": 39,
        "EBIT": 58,
        "Net Income": 55
    },
    "2013-05-31": {
        "Diluted EPS": 0.45,
        "Total Revenue": 704,
        "Gross Profit": 111,
        "Operating Income": 33,
        "EBIT": 52,
        "Net Income": 34
    },
    "2013-02-28": {
        "Diluted EPS": 0.52,
        "Total Revenue": 620,
        "Gross Profit": 97,
        "Operating Income": 33,
        "EBIT": 50,
        "Net Income": 37
    },
    "2012-11-30": {
        "Diluted EPS": 0.45,
        "Total Revenue": 623,
        "Gross Profit": 95,
        "Operating Income": 29,
        "EBIT": 45,
        "Net Income": 32
    },
    "2012-08-31": {
        "Diluted EPS": 0.49,
        "Total Revenue": 666,
        "Gross Profit": 94,
        "Operating Income": 33,
        "EBIT": 48,
        "Net Income": 34
    },
    "2012-05-31": {
        "Diluted EPS": 0.76,
        "Total Revenue": 755,
        "Gross Profit": 121,
        "Operating Income": 60,
        "EBIT": 75,
        "Net Income": 52
    },
    "2012-02-29": {
        "Diluted EPS": 0.37,
        "Total Revenue": 611,
        "Gross Profit": 83,
        "Operating Income": 18,
        "EBIT": 33,
        "Net Income": 26
    },
    "2011-11-30": {
        "Diluted EPS": 0.17,
        "Total Revenue": 566,
        "Gross Profit": 57,
        "Operating Income": 3,
        "EBIT": 16,
        "Net Income": 12
    },
    "2011-08-31": {
        "Diluted EPS": 0.35,
        "Total Revenue": 602,
        "Gross Profit": 71,
        "Operating Income": 21,
        "EBIT": 34,
        "Net Income": 26
    },
    "2011-05-31": {
        "Diluted EPS": 0.69,
        "Total Revenue": 676,
        "Gross Profit": 119,
        "Operating Income": 62,
        "EBIT": 76,
        "Net Income": 52
    },
    "2011-02-28": {
        "Diluted EPS": 0.35,
        "Total Revenue": 569,
        "Gross Profit": 88,
        "Operating Income": 28,
        "EBIT": 44,
        "Net Income": 26
    },
    "2010-11-30": {
        "Diluted EPS": 0.2,
        "Total Revenue": 581,
        "Gross Profit": 70,
        "Operating Income": 13,
        "EBIT": 29,
        "Net Income": 14
    },
    "2010-08-31": {
        "Diluted EPS": 0.29,
        "Total Revenue": 617,
        "Gross Profit": 79,
        "Operating Income": 21,
        "EBIT": 37,
        "Net Income": 22
    },
    "2010-05-31": {
        "Diluted EPS": 0.42,
        "Total Revenue": 626,
        "Gross Profit": 106,
        "Operating Income": 43,
        "EBIT": 59,
        "Net Income": 33
    },
    "2010-02-28": {
        "Diluted EPS": -0.22,
        "Total Revenue": 451,
        "Gross Profit": 58,
        "Operating Income": -35,
        "EBIT": 14,
        "Net Income": -18
    },
    "2009-11-30": {
        "Diluted EPS": 0.29,
        "Total Revenue": 448,
        "Gross Profit": 67,
        "Operating Income": 19,
        "EBIT": 38,
        "Net Income": 23
    },
    "2009-08-31": {
        "Diluted EPS": 0.08,
        "Total Revenue": 418,
        "Gross Profit": 49,
        "Operating Income": -4,
        "EBIT": 11,
        "Net Income": 7
    },
    "2009-05-31": {
        "Diluted EPS": -0.16,
        "Total Revenue": 472,
        "Gross Profit": 37,
        "Operating Income": -19,
        "EBIT": -3,
        "Net Income": -14
    },
    "2009-02-28": {
        "Diluted EPS": 0.02,
        "Total Revenue": 501,
        "Gross Profit": 40,
        "Operating Income": -24,
        "EBIT": -8,
        "Net Income": 2
    },
    "2023-08-31": {
        "Tax Effect Of Unusual Items": -987349.892431,
        "Tax Rate For Calcs": 0.250342,
        "Normalized EBITDA": 69134000.0,
        "Total Unusual Items": -3944000.0,
        "Total Unusual Items Excluding Goodwill": -3944000.0,
        "Net Income From Continuing Operation Net Minority Interest": 23234000.0,
        "Reconciled Depreciation": 28325000.0,
        "Reconciled Cost Of Revenue": 242288000.0,
        "EBITDA": 65190000.0,
        "EBIT": 36865000.0,
        "Net Interest Income": -1074000.0,
        "Interest Expense": 1074000.0,
        "Normalized Income": 26190650.107569,
        "Net Income From Continuing And Discontinued Operation": 96106000.0,
        "Total Expenses": 316832000.0,
        "Total Operating Income As Reported": -7324000.0,
        "Diluted Average Shares": 49886000.0,
        "Basic Average Shares": 48842000.0,
        "Diluted EPS": 1.93,
        "Basic EPS": 1.97,
        "Diluted NI Availto Com Stockholders": 96106000.0,
        "Net Income Common Stockholders": 96106000.0,
        "Net Income": 96106000.0,
        "Minority Interests": -3597000.0,
        "Net Income Including Noncontrolling Interests": 99703000.0,
        "Net Income Discontinuous Operations": 72872000.0,
        "Net Income Continuous Operations": 26831000.0,
        "Tax Provision": 8960000.0,
        "Pretax Income": 35791000.0,
        "Other Income Expense": 41779000.0,
        "Other Non Operating Income Expenses": 299000.0,
        "Special Income Charges": -3944000.0,
        "Gain On Sale Of Ppe": NaN,
        "Gain On Sale Of Business": -2410000.0,
        "Other Special Charges": 1534000.0,
        "Impairment Of Capital Assets": 1401000.0,
        "Restructuring And Mergern Acquisition": 0.0,
        "Earnings From Equity Interest": 45424000.0,
        "Net Non Operating Interest Income Expense": -1074000.0,
        "Interest Expense Non Operating": 1074000.0,
        "Operating Income": -4914000.0,
        "Operating Expense": 74544000.0,
        "Selling General And Administration": 74544000.0,
        "Gross Profit": 69630000.0,
        "Cost Of Revenue": 242288000.0,
        "Total Revenue": 311918000.0,
        "Operating Revenue": 311918000.0
    },
    "2023-11-30": {
        "Tax Effect Of Unusual Items": -5138172.0,
        "Tax Rate For Calcs": 0.234,
        "Normalized EBITDA": 87499000.0,
        "Total Unusual Items": -21958000.0,
        "Total Unusual Items Excluding Goodwill": -21958000.0,
        "Net Income From Continuing Operation Net Minority Interest": 24302000.0,
        "Reconciled Depreciation": 28007000.0,
        "Reconciled Cost Of Revenue": 963204000.0,
        "EBITDA": 65541000.0,
        "EBIT": 37534000.0,
        "Net Interest Income": -2169000.0,
        "Interest Expense": 2169000.0,
        "Normalized Income": 41121828.0,
        "Net Income From Continuing And Discontinued Operation": 24302000.0,
        "Total Expenses": 1070892000.0,
        "Total Operating Income As Reported": -5932000.0,
        "Diluted Average Shares": 50042000.0,
        "Basic Average Shares": 49186000.0,
        "Diluted EPS": 0.49,
        "Basic EPS": 0.49,
        "Diluted NI Availto Com Stockholders": 24302000.0,
        "Net Income Common Stockholders": 24302000.0,
        "Net Income": 24302000.0,
        "Minority Interests": -3865000.0,
        "Net Income Including Noncontrolling Interests": 28167000.0,
        "Net Income Discontinuous Operations": NaN,
        "Net Income Continuous Operations": 28167000.0,
        "Tax Provision": 7198000.0,
        "Pretax Income": 35365000.0,
        "Other Income Expense": 21508000.0,
        "Other Non Operating Income Expenses": 1020000.0,
        "Special Income Charges": -21958000.0,
        "Gain On Sale Of Ppe": NaN,
        "Gain On Sale Of Business": -21952000.0,
        "Other Special Charges": NaN,
        "Impairment Of Capital Assets": 0.0,
        "Restructuring And Mergern Acquisition": 6000.0,
        "Earnings From Equity Interest": 42446000.0,
        "Net Non Operating Interest Income Expense": -2169000.0,
        "Interest Expense Non Operating": 2169000.0,
        "Operating Income": 16026000.0,
        "Operating Expense": 107688000.0,
        "Selling General And Administration": 107688000.0,
        "Gross Profit": 123714000.0,
        "Cost Of Revenue": 963204000.0,
        "Total Revenue": 1086918000.0,
        "Operating Revenue": 1086918000.0
    },
    "2024-02-29": {
        "Tax Effect Of Unusual Items": -776370.0,
        "Tax Rate For Calcs": 0.21,
        "Normalized EBITDA": 56167000.0,
        "Total Unusual Items": -3697000.0,
        "Total Unusual Items Excluding Goodwill": -3697000.0,
        "Net Income From Continuing Operation Net Minority Interest": 22000000.0,
        "Reconciled Depreciation": 11949000.0,
        "Reconciled Cost Of Revenue": 243643000.0,
        "EBITDA": 52470000.0,
        "EBIT": 40521000.0,
        "Net Interest Income": -50000.0,
        "Interest Expense": 50000.0,
        "Normalized Income": 24920630.0,
        "Net Income From Continuing And Discontinued Operation": 22000000.0,
        "Total Expenses": 308777000.0,
        "Total Operating Income As Reported": 4281000.0,
        "Diluted Average Shares": 50417000.0,
        "Basic Average Shares": 49315000.0,
        "Diluted EPS": 0.44,
        "Basic EPS": 0.45,
        "Diluted NI Availto Com Stockholders": 22000000.0,
        "Net Income Common Stockholders": 22000000.0,
        "Net Income": 22000000.0,
        "Minority Interests": 0.0,
        "Net Income Including Noncontrolling Interests": 22000000.0,
        "Net Income Discontinuous Operations": 0.0,
        "Net Income Continuous Operations": 22000000.0,
        "Tax Provision": 18471000.0,
        "Pretax Income": 40471000.0,
        "Other Income Expense": 32543000.0,
        "Other Non Operating Income Expenses": -6995000.0,
        "Special Income Charges": -3697000.0,
        "Gain On Sale Of Ppe": NaN,
        "Gain On Sale Of Business": -2999000.0,
        "Other Special Charges": NaN,
        "Impairment Of Capital Assets": 0.0,
        "Restructuring And Mergern Acquisition": 698000.0,
        "Earnings From Equity Interest": 43235000.0,
        "Net Non Operating Interest Income Expense": -50000.0,
        "Interest Expense Non Operating": 50000.0,
        "Operating Income": 7978000.0,
        "Operating Expense": 65134000.0,
        "Selling General And Administration": 65134000.0,
        "Gross Profit": 73112000.0,
        "Cost Of Revenue": 243643000.0,
        "Total Revenue": 316755000.0,
        "Operating Revenue": 316755000.0
    },
    "2024-05-31": {
        "Tax Effect Of Unusual Items": -12985980.0,
        "Tax Rate For Calcs": 0.21,
        "Normalized EBITDA": 47455000.0,
        "Total Unusual Items": -61838000.0,
        "Total Unusual Items Excluding Goodwill": -61838000.0,
        "Net Income From Continuing Operation Net Minority Interest": -31520000.0,
        "Reconciled Depreciation": 12423000.0,
        "Reconciled Cost Of Revenue": 239802000.0,
        "EBITDA": -14383000.0,
        "EBIT": -26806000.0,
        "Net Interest Income": 9000.0,
        "Interest Expense": -9000.0,
        "Normalized Income": 17332020.0,
        "Net Income From Continuing And Discontinued Operation": -31785000.0,
        "Total Expenses": 313011000.0,
        "Total Operating Income As Reported": -56048000.0,
        "Diluted Average Shares": 49437000.0,
        "Basic Average Shares": 49437000.0,
        "Diluted EPS": -0.65,
        "Basic EPS": -0.65,
        "Diluted NI Availto Com Stockholders": -31785000.0,
        "Net Income Common Stockholders": -31785000.0,
        "Net Income": -31785000.0,
        "Minority Interests": 263000.0,
        "Net Income Including Noncontrolling Interests": -32048000.0,
        "Net Income Discontinuous Operations": -265000.0,
        "Net Income Continuous Operations": -31783000.0,
        "Tax Provision": 4986000.0,
        "Pretax Income": -26797000.0,
        "Other Income Expense": -32596000.0,
        "Other Non Operating Income Expenses": -11146000.0,
        "Special Income Charges": -61838000.0,
        "Gain On Sale Of Ppe": NaN,
        "Gain On Sale Of Business": -30742000.0,
        "Other Special Charges": 0.0,
        "Impairment Of Capital Assets": 32975000.0,
        "Restructuring And Mergern Acquisition": -1879000.0,
        "Earnings From Equity Interest": 40388000.0,
        "Net Non Operating Interest Income Expense": 9000.0,
        "Interest Expense Non Operating": -9000.0,
        "Operating Income": 5790000.0,
        "Operating Expense": 73209000.0,
        "Selling General And Administration": 73209000.0,
        "Gross Profit": 78999000.0,
        "Cost Of Revenue": 239802000.0,
        "Total Revenue": 318801000.0,
        "Operating Revenue": 318801000.0
    },
    "2024-08-31": {
        "Tax Effect Of Unusual Items": -255068.398831,
        "Tax Rate For Calcs": 0.220266,
        "Normalized EBITDA": 44267000.0,
        "Total Unusual Items": -1158000.0,
        "Total Unusual Items Excluding Goodwill": -1158000.0,
        "Net Income From Continuing Operation Net Minority Interest": 24253000.0,
        "Reconciled Depreciation": 11830000.0,
        "Reconciled Cost Of Revenue": 194813000.0,
        "EBITDA": 43109000.0,
        "EBIT": 31279000.0,
        "Net Interest Income": -489000.0,
        "Interest Expense": 489000.0,
        "Normalized Income": 25155931.601169,
        "Net Income From Continuing And Discontinued Operation": 24253000.0,
        "Total Expenses": 260849000.0,
        "Total Operating Income As Reported": -4699000.0,
        "Diluted Average Shares": 50365000.0,
        "Basic Average Shares": 49487000.0,
        "Diluted EPS": 0.48,
        "Basic EPS": 0.49,
        "Diluted NI Availto Com Stockholders": 24253000.0,
        "Net Income Common Stockholders": 24253000.0,
        "Net Income": 24253000.0,
        "Minority Interests": 245000.0,
        "Net Income Including Noncontrolling Interests": 24008000.0,
        "Net Income Discontinuous Operations": 0.0,
        "Net Income Continuous Operations": 24008000.0,
        "Tax Provision": 6782000.0,
        "Pretax Income": 30790000.0,
        "Other Income Expense": 34820000.0,
        "Other Non Operating Income Expenses": 486000.0,
        "Special Income Charges": -1158000.0,
        "Gain On Sale Of Ppe": -723000.0,
        "Gain On Sale Of Business": 0.0,
        "Other Special Charges": NaN,
        "Impairment Of Capital Assets": NaN,
        "Restructuring And Mergern Acquisition": 435000.0,
        "Earnings From Equity Interest": 35492000.0,
        "Net Non Operating Interest Income Expense": -489000.0,
        "Interest Expense Non Operating": 489000.0,
        "Operating Income": -3541000.0,
        "Operating Expense": 66036000.0,
        "Selling General And Administration": 66036000.0,
        "Gross Profit": 62495000.0,
        "Cost Of Revenue": 194813000.0,
        "Total Revenue": 257308000.0,
        "Operating Revenue": 257308000.0
    }
}