{
    "2023-03-31": {
        "Tax Effect Of Unusual Items": 0.0,
        "Tax Rate For Calcs": 0.249012,
        "Normalized EBITDA": 9800000.0,
        "Total Unusual Items": 0.0,
        "Total Unusual Items Excluding Goodwill": 0.0,
        "Net Income From Continuing Operation Net Minority Interest": -38000000.0,
        "Reconciled Depreciation": 45500000.0,
        "Reconciled Cost Of Revenue": 78100000.0,
        "EBITDA": 9800000.0,
        "EBIT": -35700000.0,
        "Net Interest Income": -14900000.0,
        "Interest Expense": 14900000.0,
        "Normalized Income": -38000000.0,
        "Net Income From Continuing And Discontinued Operation": -38000000.0,
        "Total Expenses": 209100000.0,
        "Total Operating Income As Reported": -36900000.0,
        "Diluted Average Shares": 83028769.0,
        "Basic Average Shares": 83028769.0,
        "Diluted EPS": -0.46,
        "Basic EPS": -0.46,
        "Diluted NI Availto Com Stockholders": -38000000.0,
        "Net Income Common Stockholders": -38000000.0,
        "Net Income": -38000000.0,
        "Net Income Including Noncontrolling Interests": -38000000.0,
        "Net Income Continuous Operations": -38000000.0,
        "Tax Provision": -12600000.0,
        "Pretax Income": -50600000.0,
        "Other Income Expense": 1200000.0,
        "Other Non Operating Income Expenses": 1200000.0,
        "Special Income Charges": 0.0,
        "Gain On Sale Of Ppe": 0.0,
        "Impairment Of Capital Assets": NaN,
        "Net Non Operating Interest Income Expense": -14900000.0,
        "Interest Expense Non Operating": 14900000.0,
        "Operating Income": -36900000.0,
        "Operating Expense": 131000000.0,
        "Depreciation Amortization Depletion Income Statement": 45500000.0,
        "Depreciation And Amortization In Income Statement": 45500000.0,
        "Selling General And Administration": 85500000.0,
        "Gross Profit": 94100000.0,
        "Cost Of Revenue": 78100000.0,
        "Total Revenue": 172200000.0,
        "Operating Revenue": 164600000.0
    },
    "2022-12-31": {
        "Tax Effect Of Unusual Items": 0.0,
        "Tax Rate For Calcs": 0.21,
        "Normalized EBITDA": 20800000.0,
        "Total Unusual Items": NaN,
        "Total Unusual Items Excluding Goodwill": NaN,
        "Net Income From Continuing Operation Net Minority Interest": -12700000.0,
        "Reconciled Depreciation": 45400000.0,
        "Reconciled Cost Of Revenue": 77500000.0,
        "EBITDA": 20800000.0,
        "EBIT": -24600000.0,
        "Net Interest Income": -12900000.0,
        "Interest Expense": 12900000.0,
        "Normalized Income": -12700000.0,
        "Net Income From Continuing And Discontinued Operation": -12700000.0,
        "Total Expenses": 171000000.0,
        "Total Operating Income As Reported": -25500000.0,
        "Diluted Average Shares": 83993031.0,
        "Basic Average Shares": 83993031.0,
        "Diluted EPS": -0.15,
        "Basic EPS": -0.15,
        "Diluted NI Availto Com Stockholders": -12700000.0,
        "Net Income Common Stockholders": -12700000.0,
        "Net Income": -12700000.0,
        "Net Income Including Noncontrolling Interests": -12700000.0,
        "Net Income Discontinuous Operations": 0.0,
        "Net Income Continuous Operations": -12700000.0,
        "Tax Provision": -24800000.0,
        "Pretax Income": -37500000.0,
        "Other Income Expense": -34100000.0,
        "Other Non Operating Income Expenses": 900000.0,
        "Special Income Charges": NaN,
        "Gain On Sale Of Ppe": NaN,
        "Impairment Of Capital Assets": NaN,
        "Net Non Operating Interest Income Expense": -12900000.0,
        "Interest Expense Non Operating": 12900000.0,
        "Operating Income": 9500000.0,
        "Operating Expense": 93400000.0,
        "Depreciation Amortization Depletion Income Statement": 45300000.0,
        "Depreciation And Amortization In Income Statement": 45300000.0,
        "Selling General And Administration": 48100000.0,
        "Gross Profit": 102900000.0,
        "Cost Of Revenue": 77600000.0,
        "Total Revenue": 180500000.0,
        "Operating Revenue": 168200000.0
    },
    "2022-09-30": {
        "Tax Effect Of Unusual Items": 0.0,
        "Tax Rate For Calcs": 0.4,
        "Normalized EBITDA": 56400000.0,
        "Total Unusual Items": NaN,
        "Total Unusual Items Excluding Goodwill": NaN,
        "Net Income From Continuing Operation Net Minority Interest": 500000.0,
        "Reconciled Depreciation": 45000000.0,
        "Reconciled Cost Of Revenue": 79100000.0,
        "EBITDA": 56400000.0,
        "EBIT": 11400000.0,
        "Net Interest Income": -10500000.0,
        "Interest Expense": 10500000.0,
        "Normalized Income": 500000.0,
        "Net Income From Continuing And Discontinued Operation": 500000.0,
        "Total Expenses": 163800000.0,
        "Total Operating Income As Reported": 9900000.0,
        "Diluted Average Shares": 86735246.0,
        "Basic Average Shares": 84274050.0,
        "Diluted EPS": 0.01,
        "Basic EPS": 0.01,
        "Diluted NI Availto Com Stockholders": 500000.0,
        "Net Income Common Stockholders": 500000.0,
        "Net Income": 500000.0,
        "Net Income Including Noncontrolling Interests": 500000.0,
        "Net Income Discontinuous Operations": 0.0,
        "Net Income Continuous Operations": 500000.0,
        "Tax Provision": 400000.0,
        "Pretax Income": 900000.0,
        "Other Income Expense": 1500000.0,
        "Other Non Operating Income Expenses": 1500000.0,
        "Special Income Charges": NaN,
        "Gain On Sale Of Ppe": NaN,
        "Impairment Of Capital Assets": NaN,
        "Net Non Operating Interest Income Expense": -10500000.0,
        "Interest Expense Non Operating": 10500000.0,
        "Operating Income": 9900000.0,
        "Operating Expense": 84700000.0,
        "Depreciation Amortization Depletion Income Statement": 45000000.0,
        "Depreciation And Amortization In Income Statement": 45000000.0,
        "Selling General And Administration": 39700000.0,
        "Gross Profit": 94600000.0,
        "Cost Of Revenue": 79100000.0,
        "Total Revenue": 173700000.0,
        "Operating Revenue": 165800000.0
    },
    "2022-06-30": {
        "Tax Effect Of Unusual Items": 0.0,
        "Tax Rate For Calcs": 0.4,
        "Normalized EBITDA": 60700000.0,
        "Total Unusual Items": NaN,
        "Total Unusual Items Excluding Goodwill": NaN,
        "Net Income From Continuing Operation Net Minority Interest": 4000000.0,
        "Reconciled Depreciation": 44500000.0,
        "Reconciled Cost Of Revenue": 82400000.0,
        "EBITDA": 60700000.0,
        "EBIT": 16200000.0,
        "Net Interest Income": -7900000.0,
        "Interest Expense": 7900000.0,
        "Normalized Income": 4000000.0,
        "Net Income From Continuing And Discontinued Operation": 4000000.0,
        "Total Expenses": 166200000.0,
        "Total Operating Income As Reported": 9900000.0,
        "Diluted Average Shares": 86793139.0,
        "Basic Average Shares": 84148917.0,
        "Diluted EPS": 0.05,
        "Basic EPS": 0.05,
        "Diluted NI Availto Com Stockholders": 4000000.0,
        "Net Income Common Stockholders": 4000000.0,
        "Net Income": 4000000.0,
        "Net Income Including Noncontrolling Interests": 4000000.0,
        "Net Income Discontinuous Operations": 0.0,
        "Net Income Continuous Operations": 4000000.0,
        "Tax Provision": 4300000.0,
        "Pretax Income": 8300000.0,
        "Other Income Expense": 6300000.0,
        "Other Non Operating Income Expenses": 6300000.0,
        "Special Income Charges": NaN,
        "Gain On Sale Of Ppe": NaN,
        "Impairment Of Capital Assets": NaN,
        "Net Non Operating Interest Income Expense": -7900000.0,
        "Interest Expense Non Operating": 7900000.0,
        "Operating Income": 9900000.0,
        "Operating Expense": 83200000.0,
        "Depreciation Amortization Depletion Income Statement": 43900000.0,
        "Depreciation And Amortization In Income Statement": 43900000.0,
        "Selling General And Administration": 39300000.0,
        "Gross Profit": 93100000.0,
        "Cost Of Revenue": 83000000.0,
        "Total Revenue": 176100000.0,
        "Operating Revenue": 168600000.0
    },
    "2022-03-31": {
        "Diluted EPS": 0.07,
        "Total Revenue": 175,
        "Gross Profit": 87,
        "Operating Income": 5,
        "EBIT": 49,
        "Net Income": 6
    },
    "2021-12-31": {
        "Diluted EPS": 2.8,
        "Total Revenue": 178,
        "Gross Profit": 89,
        "Operating Income": 3,
        "EBIT": 48,
        "Net Income": 231
    },
    "2021-09-30": {
        "Diluted EPS": 6.24,
        "Total Revenue": 184,
        "Gross Profit": 91,
        "Operating Income": 4,
        "EBIT": 47,
        "Net Income": 518
    },
    "2021-06-30": {
        "Diluted EPS": 0.15,
        "Total Revenue": 182,
        "Gross Profit": 87,
        "Operating Income": -1,
        "EBIT": 63,
        "Net Income": 12
    },
    "2021-03-31": {
        "Diluted EPS": 0.12,
        "Total Revenue": 182,
        "Gross Profit": 83,
        "Operating Income": -1,
        "EBIT": 62,
        "Net Income": 10
    },
    "2020-12-31": {
        "Diluted EPS": 0.04,
        "Total Revenue": 83,
        "Gross Profit": 29,
        "Operating Income": -47,
        "EBIT": 14,
        "Net Income": 3
    },
    "2020-09-30": {
        "Diluted EPS": 0.11,
        "Total Revenue": 183,
        "Gross Profit": 83,
        "Operating Income": 5,
        "EBIT": 64,
        "Net Income": 9
    },
    "2020-06-30": {
        "Diluted EPS": 0.03,
        "Total Revenue": 179,
        "Gross Profit": 77,
        "Operating Income": -2,
        "EBIT": 56,
        "Net Income": 2
    },
    "2020-03-31": {
        "Diluted EPS": 0.0,
        "Total Revenue": 285,
        "Gross Profit": 136,
        "Operating Income": 33,
        "EBIT": 90,
        "Net Income": 0
    },
    "2019-12-31": {
        "Diluted EPS": 0.09,
        "Total Revenue": -135,
        "Gross Profit": -100,
        "Operating Income": -118,
        "EBIT": -62,
        "Net Income": 7
    },
    "2019-09-30": {
        "Diluted EPS": 0.14,
        "Total Revenue": 285,
        "Gross Profit": 147,
        "Operating Income": 47,
        "EBIT": 99,
        "Net Income": 11
    },
    "2019-06-30": {
        "Diluted EPS": 0.12,
        "Total Revenue": 290,
        "Gross Profit": 145,
        "Operating Income": 47,
        "EBIT": 99,
        "Net Income": 10
    },
    "2019-03-31": {
        "Diluted EPS": 0.1,
        "Total Revenue": 287,
        "Gross Profit": 138,
        "Operating Income": 46,
        "EBIT": 97,
        "Net Income": 8
    },
    "2018-12-31": {
        "Diluted EPS": 0.18,
        "Total Revenue": 285,
        "Gross Profit": 135,
        "Operating Income": 48,
        "EBIT": 97,
        "Net Income": 20
    },
    "2018-09-30": {
        "Diluted EPS": 0.37,
        "Total Revenue": 292,
        "Gross Profit": 139,
        "Operating Income": 57,
        "EBIT": 105,
        "Net Income": 31
    },
    "2018-06-30": {
        "Diluted EPS": 0.3,
        "Total Revenue": 291,
        "Gross Profit": 134,
        "Operating Income": 48,
        "EBIT": 96,
        "Net Income": 25
    },
    "2018-03-31": {
        "Diluted EPS": -1.92,
        "Total Revenue": 286,
        "Gross Profit": 128,
        "Operating Income": -175,
        "EBIT": -127,
        "Net Income": -162
    },
    "2017-12-31": {
        "Diluted EPS": 1.21,
        "Total Revenue": 293,
        "Gross Profit": 137,
        "Operating Income": -2,
        "EBIT": 47,
        "Net Income": 110
    },
    "2017-09-30": {
        "Diluted EPS": -0.02,
        "Total Revenue": 298,
        "Gross Profit": 145,
        "Operating Income": 58,
        "EBIT": 108,
        "Net Income": -2
    },
    "2017-06-30": {
        "Diluted EPS": 0.07,
        "Total Revenue": 298,
        "Gross Profit": 140,
        "Operating Income": 56,
        "EBIT": 108,
        "Net Income": 5
    },
    "2017-03-31": {
        "Diluted EPS": 1.09,
        "Total Revenue": 300,
        "Gross Profit": 140,
        "Operating Income": 59,
        "EBIT": 111,
        "Net Income": 72
    },
    "2016-12-31": {
        "Diluted EPS": 0.0,
        "Total Revenue": NaN,
        "Gross Profit": NaN,
        "Operating Income": NaN,
        "EBIT": NaN,
        "Net Income": NaN
    },
    "2016-09-30": {
        "Diluted EPS": -0.31,
        "Total Revenue": 311,
        "Gross Profit": 144,
        "Operating Income": 62,
        "EBIT": 113,
        "Net Income": -20
    },
    "2016-06-30": {
        "Diluted EPS": 0.21,
        "Total Revenue": 308,
        "Gross Profit": 140,
        "Operating Income": 59,
        "EBIT": 59,
        "Net Income": 14
    },
    "2015-12-31": {
        "Diluted EPS": 0.0,
        "Total Revenue": NaN,
        "Gross Profit": NaN,
        "Operating Income": NaN,
        "EBIT": NaN,
        "Net Income": NaN
    },
    "2014-12-31": {
        "Diluted EPS": 0.0,
        "Total Revenue": NaN,
        "Gross Profit": NaN,
        "Operating Income": NaN,
        "EBIT": NaN,
        "Net Income": NaN
    },
    "2023-06-30": {
        "Tax Effect Of Unusual Items": -33627411.167513,
        "Tax Rate For Calcs": 0.262509,
        "Normalized EBITDA": 54300000.0,
        "Total Unusual Items": -128100000.0,
        "Total Unusual Items Excluding Goodwill": -128100000.0,
        "Net Income From Continuing Operation Net Minority Interest": -101700000.0,
        "Reconciled Depreciation": 46800000.0,
        "Reconciled Cost Of Revenue": 75500000.0,
        "EBITDA": -73800000.0,
        "EBIT": -120600000.0,
        "Net Interest Income": -17300000.0,
        "Interest Expense": 17300000.0,
        "Normalized Income": -7227411.167513,
        "Net Income From Continuing And Discontinued Operation": -101700000.0,
        "Total Expenses": 165900000.0,
        "Total Operating Income As Reported": -121400000.0,
        "Diluted Average Shares": 81502527.0,
        "Basic Average Shares": 81502527.0,
        "Diluted EPS": -1.25,
        "Basic EPS": -1.25,
        "Diluted NI Availto Com Stockholders": -101700000.0,
        "Net Income Common Stockholders": -101700000.0,
        "Net Income": -101700000.0,
        "Net Income Including Noncontrolling Interests": -101700000.0,
        "Net Income Continuous Operations": -101700000.0,
        "Tax Provision": -36200000.0,
        "Pretax Income": -137900000.0,
        "Other Income Expense": -127300000.0,
        "Other Non Operating Income Expenses": 800000.0,
        "Special Income Charges": -128100000.0,
        "Gain On Sale Of Ppe": NaN,
        "Impairment Of Capital Assets": 128100000.0,
        "Net Non Operating Interest Income Expense": -17300000.0,
        "Interest Expense Non Operating": 17300000.0,
        "Operating Income": 6700000.0,
        "Operating Expense": 90300000.0,
        "Depreciation Amortization Depletion Income Statement": 46700000.0,
        "Depreciation And Amortization In Income Statement": 46700000.0,
        "Selling General And Administration": 43600000.0,
        "Gross Profit": 97000000.0,
        "Cost Of Revenue": 75600000.0,
        "Total Revenue": 172600000.0,
        "Operating Revenue": 165500000.0
    },
    "2023-09-30": {
        "Tax Effect Of Unusual Items": -33465524.625268,
        "Tax Rate For Calcs": 0.254104,
        "Normalized EBITDA": 59900000.0,
        "Total Unusual Items": -131700000.0,
        "Total Unusual Items Excluding Goodwill": -131700000.0,
        "Net Income From Continuing Operation Net Minority Interest": -104500000.0,
        "Reconciled Depreciation": 49000000.0,
        "Reconciled Cost Of Revenue": 76000000.0,
        "EBITDA": -71800000.0,
        "EBIT": -121200000.0,
        "Net Interest Income": -18900000.0,
        "Interest Expense": 18900000.0,
        "Normalized Income": -6265524.625268,
        "Net Income From Continuing And Discontinued Operation": -104500000.0,
        "Total Expenses": 162500000.0,
        "Total Operating Income As Reported": -121100000.0,
        "Diluted Average Shares": 80888537.0,
        "Basic Average Shares": 80888537.0,
        "Diluted EPS": -1.29,
        "Basic EPS": -1.29,
        "Diluted NI Availto Com Stockholders": -104500000.0,
        "Net Income Common Stockholders": -104500000.0,
        "Net Income": -104500000.0,
        "Net Income Including Noncontrolling Interests": -104500000.0,
        "Net Income Continuous Operations": -104500000.0,
        "Tax Provision": -35600000.0,
        "Pretax Income": -140100000.0,
        "Other Income Expense": -131800000.0,
        "Other Non Operating Income Expenses": -100000.0,
        "Special Income Charges": -131700000.0,
        "Gain On Sale Of Ppe": NaN,
        "Impairment Of Capital Assets": 131700000.0,
        "Net Non Operating Interest Income Expense": -18900000.0,
        "Interest Expense Non Operating": 18900000.0,
        "Operating Income": 10600000.0,
        "Operating Expense": 86900000.0,
        "Depreciation Amortization Depletion Income Statement": 49400000.0,
        "Depreciation And Amortization In Income Statement": 49400000.0,
        "Selling General And Administration": 37500000.0,
        "Gross Profit": 97500000.0,
        "Cost Of Revenue": 75600000.0,
        "Total Revenue": 173100000.0,
        "Operating Revenue": 165700000.0
    },
    "2023-12-31": {
        "Tax Effect Of Unusual Items": -9961956.521739,
        "Tax Rate For Calcs": 0.211957,
        "Normalized EBITDA": 63700000.0,
        "Total Unusual Items": -47000000.0,
        "Total Unusual Items Excluding Goodwill": -47000000.0,
        "Net Income From Continuing Operation Net Minority Interest": -43500000.0,
        "Reconciled Depreciation": 51800000.0,
        "Reconciled Cost Of Revenue": 71800000.0,
        "EBITDA": 16700000.0,
        "EBIT": -35200000.0,
        "Net Interest Income": -20000000.0,
        "Interest Expense": 20000000.0,
        "Normalized Income": -6461956.521739,
        "Net Income From Continuing And Discontinued Operation": -43500000.0,
        "Total Expenses": 157400000.0,
        "Total Operating Income As Reported": -35600000.0,
        "Diluted Average Shares": NaN,
        "Basic Average Shares": NaN,
        "Diluted EPS": NaN,
        "Basic EPS": NaN,
        "Diluted NI Availto Com Stockholders": -43500000.0,
        "Net Income Common Stockholders": -43500000.0,
        "Net Income": -43500000.0,
        "Net Income Including Noncontrolling Interests": -43500000.0,
        "Net Income Continuous Operations": -43500000.0,
        "Tax Provision": -11700000.0,
        "Pretax Income": -55200000.0,
        "Other Income Expense": -46600000.0,
        "Other Non Operating Income Expenses": 400000.0,
        "Special Income Charges": -47000000.0,
        "Gain On Sale Of Ppe": NaN,
        "Impairment Of Capital Assets": 47000000.0,
        "Net Non Operating Interest Income Expense": -20000000.0,
        "Interest Expense Non Operating": 20000000.0,
        "Operating Income": 11400000.0,
        "Operating Expense": 85700000.0,
        "Depreciation Amortization Depletion Income Statement": 51900000.0,
        "Depreciation And Amortization In Income Statement": 51900000.0,
        "Selling General And Administration": 33800000.0,
        "Gross Profit": 97100000.0,
        "Cost Of Revenue": 71700000.0,
        "Total Revenue": 168800000.0,
        "Operating Revenue": 160800000.0
    },
    "2024-03-31": {
        "Tax Effect Of Unusual Items": 0.0,
        "Tax Rate For Calcs": 0.032258,
        "Normalized EBITDA": 58200000.0,
        "Total Unusual Items": NaN,
        "Total Unusual Items Excluding Goodwill": NaN,
        "Net Income From Continuing Operation Net Minority Interest": -15000000.0,
        "Reconciled Depreciation": 52700000.0,
        "Reconciled Cost Of Revenue": 67200000.0,
        "EBITDA": 58200000.0,
        "EBIT": 5500000.0,
        "Net Interest Income": -21000000.0,
        "Interest Expense": 21000000.0,
        "Normalized Income": -15000000.0,
        "Net Income From Continuing And Discontinued Operation": -15000000.0,
        "Total Expenses": 156300000.0,
        "Total Operating Income As Reported": 5200000.0,
        "Diluted Average Shares": 81347672.0,
        "Basic Average Shares": 81347672.0,
        "Diluted EPS": -0.18,
        "Basic EPS": -0.18,
        "Diluted NI Availto Com Stockholders": -15000000.0,
        "Net Income Common Stockholders": -15000000.0,
        "Net Income": -15000000.0,
        "Net Income Including Noncontrolling Interests": -15000000.0,
        "Net Income Continuous Operations": -15000000.0,
        "Tax Provision": -500000.0,
        "Pretax Income": -15500000.0,
        "Other Income Expense": 300000.0,
        "Other Non Operating Income Expenses": 300000.0,
        "Special Income Charges": NaN,
        "Gain On Sale Of Ppe": NaN,
        "Impairment Of Capital Assets": NaN,
        "Net Non Operating Interest Income Expense": -21000000.0,
        "Interest Expense Non Operating": 21000000.0,
        "Operating Income": 5200000.0,
        "Operating Expense": 88800000.0,
        "Depreciation Amortization Depletion Income Statement": 52400000.0,
        "Depreciation And Amortization In Income Statement": 52400000.0,
        "Selling General And Administration": 36400000.0,
        "Gross Profit": 94000000.0,
        "Cost Of Revenue": 67500000.0,
        "Total Revenue": 161500000.0,
        "Operating Revenue": 154300000.0
    }
}