{
    "2023-03-31": {
        "Tax Effect Of Unusual Items": -551200.0,
        "Tax Rate For Calcs": 0.4,
        "Normalized EBITDA": 152957000.0,
        "Total Unusual Items": -1378000.0,
        "Total Unusual Items Excluding Goodwill": -1378000.0,
        "Net Income From Continuing Operation Net Minority Interest": 111391000.0,
        "Reconciled Depreciation": 45390000.0,
        "Reconciled Cost Of Revenue": 96964000.0,
        "EBITDA": 151579000.0,
        "EBIT": 106189000.0,
        "Net Interest Income": -1378000.0,
        "Interest Expense": 1378000.0,
        "Interest Income": NaN,
        "Normalized Income": 112217800.0,
        "Net Income From Continuing And Discontinued Operation": 111391000.0,
        "Total Expenses": 114460000.0,
        "Total Operating Income As Reported": 98627000.0,
        "Diluted Average Shares": 453159000.0,
        "Basic Average Shares": 452370000.0,
        "Diluted EPS": 0.246,
        "Basic EPS": 0.246,
        "Diluted NI Availto Com Stockholders": 111391000.0,
        "Net Income Common Stockholders": 111391000.0,
        "Net Income": 111391000.0,
        "Net Income Including Noncontrolling Interests": 111391000.0,
        "Net Income Continuous Operations": 111391000.0,
        "Tax Provision": -6580000.0,
        "Pretax Income": 104811000.0,
        "Other Income Expense": 6184000.0,
        "Other Non Operating Income Expenses": 7562000.0,
        "Special Income Charges": -1378000.0,
        "Gain On Sale Of Ppe": NaN,
        "Other Special Charges": 1378000.0,
        "Impairment Of Capital Assets": NaN,
        "Gain On Sale Of Security": NaN,
        "Net Non Operating Interest Income Expense": -1378000.0,
        "Total Other Finance Cost": NaN,
        "Interest Expense Non Operating": 1378000.0,
        "Interest Income Non Operating": NaN,
        "Operating Income": 100005000.0,
        "Operating Expense": 17496000.0,
        "Other Taxes": NaN,
        "Depreciation Amortization Depletion Income Statement": NaN,
        "Depreciation And Amortization In Income Statement": NaN,
        "Depreciation Income Statement": NaN,
        "Selling General And Administration": 17496000.0,
        "General And Administrative Expense": 17496000.0,
        "Other Gand A": 10099000.0,
        "Insurance And Claims": NaN,
        "Salaries And Wages": 7397000.0,
        "Gross Profit": 117501000.0,
        "Cost Of Revenue": 96964000.0,
        "Total Revenue": 214465000.0,
        "Operating Revenue": 214465000.0
    },
    "2022-12-31": {
        "Tax Effect Of Unusual Items": 18730800.0,
        "Tax Rate For Calcs": 0.4,
        "Normalized EBITDA": 160482000.0,
        "Total Unusual Items": 46827000.0,
        "Total Unusual Items Excluding Goodwill": 46827000.0,
        "Net Income From Continuing Operation Net Minority Interest": 166125000.0,
        "Reconciled Depreciation": 53535000.0,
        "Reconciled Cost Of Revenue": 61731000.0,
        "EBITDA": 207309000.0,
        "EBIT": 153774000.0,
        "Net Interest Income": 2570000.0,
        "Interest Expense": 19000.0,
        "Interest Income": 3947000.0,
        "Normalized Income": 138028800.0,
        "Net Income From Continuing And Discontinued Operation": 166125000.0,
        "Total Expenses": 131727000.0,
        "Total Operating Income As Reported": 99688000.0,
        "Diluted Average Shares": 452713000.0,
        "Basic Average Shares": 452074000.0,
        "Diluted EPS": 0.367,
        "Basic EPS": 0.368,
        "Diluted NI Availto Com Stockholders": 166125000.0,
        "Net Income Common Stockholders": 166125000.0,
        "Net Income": 166125000.0,
        "Net Income Including Noncontrolling Interests": 166125000.0,
        "Net Income Continuous Operations": 166125000.0,
        "Tax Provision": -12370000.0,
        "Pretax Income": 153755000.0,
        "Other Income Expense": 46861000.0,
        "Other Non Operating Income Expenses": 34000.0,
        "Special Income Charges": 46807000.0,
        "Gain On Sale Of Ppe": 51443000.0,
        "Other Special Charges": 2917000.0,
        "Impairment Of Capital Assets": 1719000.0,
        "Gain On Sale Of Security": 20000.0,
        "Net Non Operating Interest Income Expense": 2570000.0,
        "Total Other Finance Cost": 1358000.0,
        "Interest Expense Non Operating": 19000.0,
        "Interest Income Non Operating": 3947000.0,
        "Operating Income": 104324000.0,
        "Operating Expense": 16857000.0,
        "Other Taxes": 92000.0,
        "Depreciation Amortization Depletion Income Statement": 396000.0,
        "Depreciation And Amortization In Income Statement": 396000.0,
        "Depreciation Income Statement": 396000.0,
        "Selling General And Administration": 16369000.0,
        "General And Administrative Expense": 16369000.0,
        "Other Gand A": 2841000.0,
        "Insurance And Claims": 560000.0,
        "Salaries And Wages": 12968000.0,
        "Gross Profit": 121181000.0,
        "Cost Of Revenue": 114870000.0,
        "Total Revenue": 236051000.0,
        "Operating Revenue": 236051000.0
    },
    "2022-09-30": {
        "Tax Effect Of Unusual Items": 6582549.557242,
        "Tax Rate For Calcs": 0.057592,
        "Normalized EBITDA": 150321000.0,
        "Total Unusual Items": 114296000.0,
        "Total Unusual Items Excluding Goodwill": 114296000.0,
        "Net Income From Continuing Operation Net Minority Interest": 196460000.0,
        "Reconciled Depreciation": 56129000.0,
        "Reconciled Cost Of Revenue": 60955000.0,
        "EBITDA": 264617000.0,
        "EBIT": 208488000.0,
        "Net Interest Income": 453000.0,
        "Interest Expense": 22000.0,
        "Interest Income": 1851000.0,
        "Normalized Income": 88746549.557242,
        "Net Income From Continuing And Discontinued Operation": 196460000.0,
        "Total Expenses": 125120000.0,
        "Total Operating Income As Reported": 102640000.0,
        "Diluted Average Shares": 452386000.0,
        "Basic Average Shares": 451757000.0,
        "Diluted EPS": 0.434,
        "Basic EPS": 0.435,
        "Diluted NI Availto Com Stockholders": 196460000.0,
        "Net Income Common Stockholders": 196460000.0,
        "Net Income": 196460000.0,
        "Net Income Including Noncontrolling Interests": 196460000.0,
        "Net Income Continuous Operations": 196460000.0,
        "Tax Provision": 12006000.0,
        "Pretax Income": 208466000.0,
        "Other Income Expense": 114297000.0,
        "Other Non Operating Income Expenses": 1000.0,
        "Special Income Charges": 113349000.0,
        "Gain On Sale Of Ppe": 104425000.0,
        "Other Special Charges": 1406000.0,
        "Impairment Of Capital Assets": -10330000.0,
        "Gain On Sale Of Security": 947000.0,
        "Net Non Operating Interest Income Expense": 453000.0,
        "Total Other Finance Cost": 1376000.0,
        "Interest Expense Non Operating": 22000.0,
        "Interest Income Non Operating": 1851000.0,
        "Operating Income": 93716000.0,
        "Operating Expense": 8437000.0,
        "Other Taxes": 40000.0,
        "Depreciation Amortization Depletion Income Statement": 401000.0,
        "Depreciation And Amortization In Income Statement": 401000.0,
        "Depreciation Income Statement": 401000.0,
        "Selling General And Administration": 7996000.0,
        "General And Administrative Expense": 7996000.0,
        "Other Gand A": 2429000.0,
        "Insurance And Claims": 560000.0,
        "Salaries And Wages": 5007000.0,
        "Gross Profit": 102153000.0,
        "Cost Of Revenue": 116683000.0,
        "Total Revenue": 218836000.0,
        "Operating Revenue": 218836000.0
    },
    "2022-06-30": {
        "Tax Effect Of Unusual Items": -1040.850779,
        "Tax Rate For Calcs": 0.001347,
        "Normalized EBITDA": 216152000.0,
        "Total Unusual Items": -773000.0,
        "Total Unusual Items Excluding Goodwill": -773000.0,
        "Net Income From Continuing Operation Net Minority Interest": 149074000.0,
        "Reconciled Depreciation": 66080000.0,
        "Reconciled Cost Of Revenue": 74943000.0,
        "EBITDA": 215379000.0,
        "EBIT": 149299000.0,
        "Net Interest Income": -948000.0,
        "Interest Expense": 24000.0,
        "Interest Income": 441000.0,
        "Normalized Income": 149845959.149221,
        "Net Income From Continuing And Discontinued Operation": 149074000.0,
        "Total Expenses": 151918000.0,
        "Total Operating Income As Reported": 149844000.0,
        "Diluted Average Shares": 452359000.0,
        "Basic Average Shares": 451524000.0,
        "Diluted EPS": 0.33,
        "Basic EPS": 0.33,
        "Diluted NI Availto Com Stockholders": 149074000.0,
        "Net Income Common Stockholders": 149074000.0,
        "Net Income": 149074000.0,
        "Net Income Including Noncontrolling Interests": 149074000.0,
        "Net Income Continuous Operations": 149074000.0,
        "Tax Provision": 201000.0,
        "Pretax Income": 149275000.0,
        "Other Income Expense": -781000.0,
        "Other Non Operating Income Expenses": -8000.0,
        "Special Income Charges": -1160000.0,
        "Gain On Sale Of Ppe": NaN,
        "Other Special Charges": 1160000.0,
        "Impairment Of Capital Assets": NaN,
        "Gain On Sale Of Security": 387000.0,
        "Net Non Operating Interest Income Expense": -948000.0,
        "Total Other Finance Cost": 1365000.0,
        "Interest Expense Non Operating": 24000.0,
        "Interest Income Non Operating": 441000.0,
        "Operating Income": 151004000.0,
        "Operating Expense": 11293000.0,
        "Other Taxes": 391000.0,
        "Depreciation Amortization Depletion Income Statement": 398000.0,
        "Depreciation And Amortization In Income Statement": 398000.0,
        "Depreciation Income Statement": 398000.0,
        "Selling General And Administration": 10504000.0,
        "General And Administrative Expense": 10504000.0,
        "Other Gand A": 2967000.0,
        "Insurance And Claims": 539000.0,
        "Salaries And Wages": 6998000.0,
        "Gross Profit": 162297000.0,
        "Cost Of Revenue": 140625000.0,
        "Total Revenue": 302922000.0,
        "Operating Revenue": 302922000.0
    },
    "2022-03-31": {
        "Diluted EPS": 0.35,
        "Total Revenue": 307,
        "Gross Profit": 180,
        "Operating Income": 160,
        "EBIT": 218,
        "Net Income": 157
    },
    "2021-12-31": {
        "Diluted EPS": 0.65,
        "Total Revenue": 278,
        "Gross Profit": 151,
        "Operating Income": 131,
        "EBIT": 191,
        "Net Income": 292
    },
    "2021-09-30": {
        "Diluted EPS": 0.3,
        "Total Revenue": 269,
        "Gross Profit": 151,
        "Operating Income": 138,
        "EBIT": 193,
        "Net Income": 135
    },
    "2021-06-30": {
        "Diluted EPS": 0.37,
        "Total Revenue": 330,
        "Gross Profit": 182,
        "Operating Income": 163,
        "EBIT": 234,
        "Net Income": 166
    },
    "2021-03-31": {
        "Diluted EPS": 0.36,
        "Total Revenue": 324,
        "Gross Profit": 175,
        "Operating Income": 165,
        "EBIT": 236,
        "Net Income": 162
    },
    "2020-12-31": {
        "Diluted EPS": 0.35,
        "Total Revenue": 286,
        "Gross Profit": 162,
        "Operating Income": 153,
        "EBIT": 213,
        "Net Income": 157
    },
    "2020-09-30": {
        "Diluted EPS": 0.33,
        "Total Revenue": 307,
        "Gross Profit": 177,
        "Operating Income": 155,
        "EBIT": 216,
        "Net Income": 150
    },
    "2020-06-30": {
        "Diluted EPS": 0.24,
        "Total Revenue": 248,
        "Gross Profit": 124,
        "Operating Income": 102,
        "EBIT": 161,
        "Net Income": 106
    },
    "2020-03-31": {
        "Diluted EPS": 0.21,
        "Total Revenue": 255,
        "Gross Profit": 123,
        "Operating Income": 110,
        "EBIT": 175,
        "Net Income": 95
    },
    "2019-12-31": {
        "Diluted EPS": 0.17,
        "Total Revenue": 223,
        "Gross Profit": 96,
        "Operating Income": 84,
        "EBIT": 148,
        "Net Income": 78
    },
    "2019-09-30": {
        "Diluted EPS": 0.17,
        "Total Revenue": 224,
        "Gross Profit": 96,
        "Operating Income": 82,
        "EBIT": 145,
        "Net Income": 76
    },
    "2019-06-30": {
        "Diluted EPS": -0.28,
        "Total Revenue": 189,
        "Gross Profit": 67,
        "Operating Income": 55,
        "EBIT": 117,
        "Net Income": -125
    },
    "2019-03-31": {
        "Diluted EPS": 0.13,
        "Total Revenue": 225,
        "Gross Profit": 87,
        "Operating Income": 71,
        "EBIT": 140,
        "Net Income": 57
    },
    "2018-12-31": {
        "Diluted EPS": 0.01,
        "Total Revenue": 197,
        "Gross Profit": 65,
        "Operating Income": 44,
        "EBIT": 112,
        "Net Income": 7
    },
    "2018-09-30": {
        "Diluted EPS": 0.08,
        "Total Revenue": 186,
        "Gross Profit": 58,
        "Operating Income": 49,
        "EBIT": 114,
        "Net Income": 34
    },
    "2018-06-30": {
        "Diluted EPS": 0.72,
        "Total Revenue": 212,
        "Gross Profit": 87,
        "Operating Income": 75,
        "EBIT": 138,
        "Net Income": 318
    },
    "2018-03-31": {
        "Diluted EPS": 0.15,
        "Total Revenue": 199,
        "Gross Profit": 86,
        "Operating Income": 76,
        "EBIT": 133,
        "Net Income": 68
    },
    "2017-12-31": {
        "Diluted EPS": -0.31,
        "Total Revenue": 243,
        "Gross Profit": 95,
        "Operating Income": 87,
        "EBIT": 164,
        "Net Income": -138
    },
    "2017-09-30": {
        "Diluted EPS": 0.15,
        "Total Revenue": 203,
        "Gross Profit": 83,
        "Operating Income": 74,
        "EBIT": 136,
        "Net Income": 67
    },
    "2017-06-30": {
        "Diluted EPS": 0.15,
        "Total Revenue": 200,
        "Gross Profit": 83,
        "Operating Income": 74,
        "EBIT": 134,
        "Net Income": 68
    },
    "2017-03-31": {
        "Diluted EPS": 0.14,
        "Total Revenue": 198,
        "Gross Profit": 76,
        "Operating Income": 68,
        "EBIT": 132,
        "Net Income": 61
    },
    "2016-12-31": {
        "Diluted EPS": 0.02,
        "Total Revenue": 258,
        "Gross Profit": 93,
        "Operating Income": 89,
        "EBIT": 178,
        "Net Income": 11
    },
    "2016-09-30": {
        "Diluted EPS": 0.19,
        "Total Revenue": 233,
        "Gross Profit": 99,
        "Operating Income": 89,
        "EBIT": 163,
        "Net Income": 83
    },
    "2016-06-30": {
        "Diluted EPS": 0.14,
        "Total Revenue": 212,
        "Gross Profit": 77,
        "Operating Income": 67,
        "EBIT": 142,
        "Net Income": 60
    },
    "2016-03-31": {
        "Diluted EPS": 0.1,
        "Total Revenue": 188,
        "Gross Profit": 60,
        "Operating Income": 49,
        "EBIT": 120,
        "Net Income": 41
    },
    "2015-12-31": {
        "Diluted EPS": -0.42,
        "Total Revenue": 201,
        "Gross Profit": 71,
        "Operating Income": 62,
        "EBIT": 130,
        "Net Income": -169
    },
    "2015-09-30": {
        "Diluted EPS": -0.24,
        "Total Revenue": 153,
        "Gross Profit": 61,
        "Operating Income": 54,
        "EBIT": 100,
        "Net Income": -96
    },
    "2015-06-30": {
        "Diluted EPS": 0.13,
        "Total Revenue": 164,
        "Gross Profit": 63,
        "Operating Income": 55,
        "EBIT": 109,
        "Net Income": 54
    },
    "2015-03-31": {
        "Diluted EPS": 0.13,
        "Total Revenue": 131,
        "Gross Profit": 64,
        "Operating Income": 56,
        "EBIT": 88,
        "Net Income": 49
    },
    "2014-12-31": {
        "Diluted EPS": 0.14,
        "Total Revenue": 140,
        "Gross Profit": -58,
        "Operating Income": 52,
        "EBIT": 93,
        "Net Income": 52
    },
    "2014-09-30": {
        "Diluted EPS": 0.01,
        "Total Revenue": 166,
        "Gross Profit": 126,
        "Operating Income": 73,
        "EBIT": 117,
        "Net Income": 4
    },
    "2014-06-30": {
        "Diluted EPS": 0.18,
        "Total Revenue": 149,
        "Gross Profit": 113,
        "Operating Income": 64,
        "EBIT": 103,
        "Net Income": 63
    },
    "2014-03-31": {
        "Diluted EPS": 0.22,
        "Total Revenue": 165,
        "Gross Profit": 128,
        "Operating Income": 82,
        "EBIT": 119,
        "Net Income": 80
    },
    "2013-12-31": {
        "Diluted EPS": 0.26,
        "Total Revenue": 167,
        "Gross Profit": 130,
        "Operating Income": 83,
        "EBIT": 123,
        "Net Income": 94
    },
    "2013-09-30": {
        "Diluted EPS": 0.22,
        "Total Revenue": 166,
        "Gross Profit": 129,
        "Operating Income": 81,
        "EBIT": 114,
        "Net Income": 77
    },
    "2013-06-30": {
        "Diluted EPS": 0.2,
        "Total Revenue": 167,
        "Gross Profit": 132,
        "Operating Income": 82,
        "EBIT": 130,
        "Net Income": 71
    },
    "2013-03-31": {
        "Diluted EPS": 0.37,
        "Total Revenue": 206,
        "Gross Profit": 175,
        "Operating Income": 141,
        "EBIT": 166,
        "Net Income": 133
    },
    "2012-12-31": {
        "Diluted EPS": 0.5,
        "Total Revenue": 287,
        "Gross Profit": 244,
        "Operating Income": 186,
        "EBIT": 234,
        "Net Income": 178
    },
    "2012-09-30": {
        "Diluted EPS": 0.34,
        "Total Revenue": 161,
        "Gross Profit": 140,
        "Operating Income": 120,
        "EBIT": 135,
        "Net Income": 120
    },
    "2012-06-30": {
        "Diluted EPS": 0.4,
        "Total Revenue": 201,
        "Gross Profit": 173,
        "Operating Income": 144,
        "EBIT": 166,
        "Net Income": 141
    },
    "2012-03-31": {
        "Diluted EPS": 0.41,
        "Total Revenue": 200,
        "Gross Profit": 175,
        "Operating Income": 150,
        "EBIT": 167,
        "Net Income": 147
    },
    "2011-12-31": {
        "Diluted EPS": 0.41,
        "Total Revenue": 192,
        "Gross Profit": 168,
        "Operating Income": 144,
        "EBIT": 162,
        "Net Income": 145
    },
    "2011-09-30": {
        "Diluted EPS": 0.38,
        "Total Revenue": 185,
        "Gross Profit": 164,
        "Operating Income": 144,
        "EBIT": 158,
        "Net Income": 135
    },
    "2011-06-30": {
        "Diluted EPS": 0.42,
        "Total Revenue": 195,
        "Gross Profit": 174,
        "Operating Income": 153,
        "EBIT": 168,
        "Net Income": 148
    },
    "2011-03-31": {
        "Diluted EPS": 0.34,
        "Total Revenue": 158,
        "Gross Profit": 138,
        "Operating Income": 120,
        "EBIT": 132,
        "Net Income": 122
    },
    "2010-12-31": {
        "Diluted EPS": 0.35,
        "Total Revenue": 150,
        "Gross Profit": 127,
        "Operating Income": 104,
        "EBIT": 120,
        "Net Income": 123
    },
    "2010-09-30": {
        "Diluted EPS": 0.2,
        "Total Revenue": 93,
        "Gross Profit": 74,
        "Operating Income": 56,
        "EBIT": 69,
        "Net Income": 69
    },
    "2010-06-30": {
        "Diluted EPS": 0.15,
        "Total Revenue": 95,
        "Gross Profit": 74,
        "Operating Income": 53,
        "EBIT": 68,
        "Net Income": 53
    },
    "2010-03-31": {
        "Diluted EPS": 0.13,
        "Total Revenue": 86,
        "Gross Profit": 66,
        "Operating Income": 45,
        "EBIT": 59,
        "Net Income": 45
    },
    "2009-12-31": {
        "Diluted EPS": 0.15,
        "Total Revenue": 91,
        "Gross Profit": 27,
        "Operating Income": -32,
        "EBIT": -17,
        "Net Income": 51
    },
    "2009-09-30": {
        "Diluted EPS": 0.11,
        "Total Revenue": 70,
        "Gross Profit": 51,
        "Operating Income": 34,
        "EBIT": 47,
        "Net Income": 34
    },
    "2009-06-30": {
        "Diluted EPS": 0.06,
        "Total Revenue": 41,
        "Gross Profit": 29,
        "Operating Income": 18,
        "EBIT": 25,
        "Net Income": 18
    },
    "2009-03-31": {
        "Diluted EPS": 0.06,
        "Total Revenue": 38,
        "Gross Profit": 25,
        "Operating Income": 14,
        "EBIT": 21,
        "Net Income": 15
    },
    "2023-06-30": {
        "Tax Effect Of Unusual Items": 137388.283203,
        "Tax Rate For Calcs": 0.04157,
        "Normalized EBITDA": 199171000.0,
        "Total Unusual Items": 3305000.0,
        "Total Unusual Items Excluding Goodwill": 3305000.0,
        "Net Income From Continuing Operation Net Minority Interest": 141448000.0,
        "Reconciled Depreciation": 54857000.0,
        "Reconciled Cost Of Revenue": 58642000.0,
        "EBITDA": 202476000.0,
        "EBIT": 147619000.0,
        "Net Interest Income": 6829000.0,
        "Interest Expense": 36000.0,
        "Interest Income": 8181000.0,
        "Normalized Income": 138280388.283203,
        "Net Income From Continuing And Discontinued Operation": 141448000.0,
        "Total Expenses": 127816000.0,
        "Total Operating Income As Reported": 135216000.0,
        "Diluted Average Shares": 453575000.0,
        "Basic Average Shares": 452892000.0,
        "Diluted EPS": 0.312,
        "Basic EPS": 0.312,
        "Diluted NI Availto Com Stockholders": 141448000.0,
        "Net Income Common Stockholders": 141448000.0,
        "Net Income": 141448000.0,
        "Net Income Including Noncontrolling Interests": 141448000.0,
        "Net Income Continuous Operations": 141448000.0,
        "Tax Provision": 6135000.0,
        "Pretax Income": 147583000.0,
        "Other Income Expense": 3598000.0,
        "Other Non Operating Income Expenses": 293000.0,
        "Special Income Charges": 3087000.0,
        "Gain On Sale Of Ppe": 5027000.0,
        "Other Special Charges": 1940000.0,
        "Impairment Of Capital Assets": NaN,
        "Gain On Sale Of Security": 218000.0,
        "Net Non Operating Interest Income Expense": 6829000.0,
        "Total Other Finance Cost": 1316000.0,
        "Interest Expense Non Operating": 36000.0,
        "Interest Income Non Operating": 8181000.0,
        "Operating Income": 137156000.0,
        "Operating Expense": 14700000.0,
        "Other Taxes": 139000.0,
        "Depreciation Amortization Depletion Income Statement": 383000.0,
        "Depreciation And Amortization In Income Statement": 383000.0,
        "Depreciation Income Statement": 383000.0,
        "Selling General And Administration": 14178000.0,
        "General And Administrative Expense": 14178000.0,
        "Other Gand A": 4115000.0,
        "Insurance And Claims": 530000.0,
        "Salaries And Wages": 9533000.0,
        "Gross Profit": 151856000.0,
        "Cost Of Revenue": 113116000.0,
        "Total Revenue": 264972000.0,
        "Operating Revenue": 264972000.0
    }
}