{
    "2023-03-31": {
        "Tax Effect Of Unusual Items": NaN,
        "Tax Rate For Calcs": NaN,
        "Normalized EBITDA": NaN,
        "Total Unusual Items": NaN,
        "Total Unusual Items Excluding Goodwill": NaN,
        "Net Income From Continuing Operation Net Minority Interest": NaN,
        "Reconciled Depreciation": NaN,
        "Reconciled Cost Of Revenue": NaN,
        "EBITDA": NaN,
        "EBIT": NaN,
        "Net Interest Income": NaN,
        "Interest Expense": NaN,
        "Interest Income": NaN,
        "Normalized Income": NaN,
        "Net Income From Continuing And Discontinued Operation": NaN,
        "Total Expenses": NaN,
        "Total Operating Income As Reported": NaN,
        "Diluted Average Shares": NaN,
        "Basic Average Shares": NaN,
        "Diluted EPS": NaN,
        "Basic EPS": NaN,
        "Diluted NI Availto Com Stockholders": NaN,
        "Net Income Common Stockholders": NaN,
        "Net Income": NaN,
        "Net Income Including Noncontrolling Interests": NaN,
        "Net Income Discontinuous Operations": 0.0,
        "Net Income Continuous Operations": NaN,
        "Tax Provision": NaN,
        "Pretax Income": NaN,
        "Other Income Expense": NaN,
        "Special Income Charges": NaN,
        "Gain On Sale Of Business": NaN,
        "Other Special Charges": NaN,
        "Earnings From Equity Interest": NaN,
        "Gain On Sale Of Security": NaN,
        "Net Non Operating Interest Income Expense": NaN,
        "Interest Expense Non Operating": NaN,
        "Interest Income Non Operating": NaN,
        "Operating Income": NaN,
        "Operating Expense": NaN,
        "Depreciation Amortization Depletion Income Statement": NaN,
        "Depreciation And Amortization In Income Statement": NaN,
        "Research And Development": NaN,
        "Selling General And Administration": NaN,
        "Selling And Marketing Expense": NaN,
        "General And Administrative Expense": NaN,
        "Other Gand A": NaN,
        "Gross Profit": NaN,
        "Cost Of Revenue": NaN,
        "Total Revenue": NaN,
        "Operating Revenue": NaN
    },
    "2022-12-31": {
        "Tax Effect Of Unusual Items": NaN,
        "Tax Rate For Calcs": NaN,
        "Normalized EBITDA": NaN,
        "Total Unusual Items": NaN,
        "Total Unusual Items Excluding Goodwill": NaN,
        "Net Income From Continuing Operation Net Minority Interest": NaN,
        "Reconciled Depreciation": NaN,
        "Reconciled Cost Of Revenue": NaN,
        "EBITDA": NaN,
        "EBIT": NaN,
        "Net Interest Income": NaN,
        "Interest Expense": NaN,
        "Interest Income": NaN,
        "Normalized Income": NaN,
        "Net Income From Continuing And Discontinued Operation": NaN,
        "Total Expenses": NaN,
        "Total Operating Income As Reported": NaN,
        "Diluted Average Shares": NaN,
        "Basic Average Shares": NaN,
        "Diluted EPS": NaN,
        "Basic EPS": NaN,
        "Diluted NI Availto Com Stockholders": NaN,
        "Net Income Common Stockholders": NaN,
        "Net Income": NaN,
        "Net Income Including Noncontrolling Interests": NaN,
        "Net Income Discontinuous Operations": NaN,
        "Net Income Continuous Operations": NaN,
        "Tax Provision": NaN,
        "Pretax Income": NaN,
        "Other Income Expense": NaN,
        "Special Income Charges": 19057000.0,
        "Gain On Sale Of Ppe": -62000.0,
        "Gain On Sale Of Business": NaN,
        "Other Special Charges": NaN,
        "Restructuring And Mergern Acquisition": 0.0,
        "Earnings From Equity Interest": NaN,
        "Gain On Sale Of Security": NaN,
        "Net Non Operating Interest Income Expense": NaN,
        "Interest Expense Non Operating": NaN,
        "Interest Income Non Operating": NaN,
        "Operating Income": NaN,
        "Operating Expense": NaN,
        "Depreciation Amortization Depletion Income Statement": NaN,
        "Depreciation And Amortization In Income Statement": NaN,
        "Research And Development": NaN,
        "Selling General And Administration": NaN,
        "Selling And Marketing Expense": NaN,
        "General And Administrative Expense": NaN,
        "Other Gand A": NaN,
        "Gross Profit": NaN,
        "Cost Of Revenue": NaN,
        "Total Revenue": NaN,
        "Operating Revenue": NaN
    },
    "2022-09-30": {
        "Tax Effect Of Unusual Items": NaN,
        "Tax Rate For Calcs": NaN,
        "Normalized EBITDA": NaN,
        "Total Unusual Items": NaN,
        "Total Unusual Items Excluding Goodwill": NaN,
        "Net Income From Continuing Operation Net Minority Interest": NaN,
        "Reconciled Depreciation": NaN,
        "Reconciled Cost Of Revenue": NaN,
        "EBITDA": NaN,
        "EBIT": NaN,
        "Net Interest Income": NaN,
        "Interest Expense": NaN,
        "Interest Income": NaN,
        "Normalized Income": NaN,
        "Net Income From Continuing And Discontinued Operation": NaN,
        "Total Expenses": NaN,
        "Total Operating Income As Reported": NaN,
        "Diluted Average Shares": 17124606.0,
        "Basic Average Shares": 17124606.0,
        "Diluted EPS": -0.7,
        "Basic EPS": -0.7,
        "Diluted NI Availto Com Stockholders": NaN,
        "Net Income Common Stockholders": NaN,
        "Net Income": NaN,
        "Net Income Including Noncontrolling Interests": NaN,
        "Net Income Discontinuous Operations": NaN,
        "Net Income Continuous Operations": NaN,
        "Tax Provision": NaN,
        "Pretax Income": NaN,
        "Other Income Expense": NaN,
        "Special Income Charges": 0.0,
        "Gain On Sale Of Ppe": 0.0,
        "Other Special Charges": NaN,
        "Restructuring And Mergern Acquisition": 0.0,
        "Earnings From Equity Interest": NaN,
        "Gain On Sale Of Security": NaN,
        "Net Non Operating Interest Income Expense": NaN,
        "Interest Expense Non Operating": NaN,
        "Interest Income Non Operating": NaN,
        "Operating Income": NaN,
        "Operating Expense": NaN,
        "Depreciation Amortization Depletion Income Statement": NaN,
        "Depreciation And Amortization In Income Statement": NaN,
        "Research And Development": NaN,
        "Selling General And Administration": NaN,
        "Selling And Marketing Expense": NaN,
        "General And Administrative Expense": NaN,
        "Other Gand A": NaN,
        "Gross Profit": NaN,
        "Cost Of Revenue": NaN,
        "Total Revenue": NaN,
        "Operating Revenue": NaN
    },
    "2022-06-30": {
        "Tax Effect Of Unusual Items": -1026400.0,
        "Tax Rate For Calcs": 0.4,
        "Normalized EBITDA": -5053000.0,
        "Total Unusual Items": -2566000.0,
        "Total Unusual Items Excluding Goodwill": -2566000.0,
        "Net Income From Continuing Operation Net Minority Interest": -11579000.0,
        "Reconciled Depreciation": 3051000.0,
        "Reconciled Cost Of Revenue": 67491000.0,
        "EBITDA": -7619000.0,
        "EBIT": -10670000.0,
        "Net Interest Income": -642000.0,
        "Interest Expense": 839000.0,
        "Interest Income": 197000.0,
        "Normalized Income": -10039400.0,
        "Net Income From Continuing And Discontinued Operation": -11579000.0,
        "Total Expenses": 88723000.0,
        "Total Operating Income As Reported": -11325000.0,
        "Diluted Average Shares": 17119893.0,
        "Basic Average Shares": 17119893.0,
        "Diluted EPS": -0.68,
        "Basic EPS": -0.68,
        "Diluted NI Availto Com Stockholders": -11579000.0,
        "Net Income Common Stockholders": -11579000.0,
        "Net Income": -11579000.0,
        "Net Income Including Noncontrolling Interests": -11579000.0,
        "Net Income Discontinuous Operations": NaN,
        "Net Income Continuous Operations": -11579000.0,
        "Tax Provision": 70000.0,
        "Pretax Income": -11509000.0,
        "Other Income Expense": -2108000.0,
        "Special Income Charges": 0.0,
        "Gain On Sale Of Ppe": 0.0,
        "Gain On Sale Of Business": 0.0,
        "Other Special Charges": NaN,
        "Restructuring And Mergern Acquisition": 0.0,
        "Earnings From Equity Interest": 458000.0,
        "Gain On Sale Of Security": -2566000.0,
        "Net Non Operating Interest Income Expense": -642000.0,
        "Interest Expense Non Operating": 839000.0,
        "Interest Income Non Operating": 197000.0,
        "Operating Income": -8759000.0,
        "Operating Expense": 19266000.0,
        "Depreciation Amortization Depletion Income Statement": 1085000.0,
        "Depreciation And Amortization In Income Statement": 1085000.0,
        "Research And Development": 5254000.0,
        "Selling General And Administration": 12927000.0,
        "Selling And Marketing Expense": 3914000.0,
        "General And Administrative Expense": 9013000.0,
        "Other Gand A": 9013000.0,
        "Gross Profit": 10507000.0,
        "Cost Of Revenue": 69457000.0,
        "Total Revenue": 79964000.0,
        "Operating Revenue": 79964000.0
    },
    "2022-03-31": {
        "Diluted EPS": 0.4,
        "Total Revenue": 77,
        "Gross Profit": 10,
        "Operating Income": -10,
        "EBIT": -7,
        "Net Income": 8
    },
    "2021-12-31": {
        "Diluted EPS": 0.2,
        "Total Revenue": 83,
        "Gross Profit": 9,
        "Operating Income": -9,
        "EBIT": -6,
        "Net Income": 5
    },
    "2021-09-30": {
        "Diluted EPS": -0.3,
        "Total Revenue": 74,
        "Gross Profit": 10,
        "Operating Income": -10,
        "EBIT": -6,
        "Net Income": -6
    },
    "2021-06-30": {
        "Diluted EPS": 1.1,
        "Total Revenue": 79,
        "Gross Profit": 16,
        "Operating Income": -6,
        "EBIT": -2,
        "Net Income": 17
    },
    "2021-03-31": {
        "Diluted EPS": -0.2,
        "Total Revenue": 76,
        "Gross Profit": 13,
        "Operating Income": -7,
        "EBIT": -4,
        "Net Income": -3
    },
    "2020-12-31": {
        "Diluted EPS": 0.3,
        "Total Revenue": 84,
        "Gross Profit": 13,
        "Operating Income": -6,
        "EBIT": -2,
        "Net Income": 4
    },
    "2020-09-30": {
        "Diluted EPS": 0.1,
        "Total Revenue": 65,
        "Gross Profit": 10,
        "Operating Income": -5,
        "EBIT": -1,
        "Net Income": 1
    },
    "2020-06-30": {
        "Diluted EPS": 0.2,
        "Total Revenue": 36,
        "Gross Profit": 12,
        "Operating Income": -2,
        "EBIT": 2,
        "Net Income": 3
    },
    "2020-03-31": {
        "Diluted EPS": -1.1,
        "Total Revenue": 67,
        "Gross Profit": 4,
        "Operating Income": -13,
        "EBIT": -10,
        "Net Income": -15
    },
    "2019-12-31": {
        "Diluted EPS": 0.0,
        "Total Revenue": 74,
        "Gross Profit": 14,
        "Operating Income": -7,
        "EBIT": -4,
        "Net Income": 1
    },
    "2019-09-30": {
        "Diluted EPS": 0.4,
        "Total Revenue": 75,
        "Gross Profit": 18,
        "Operating Income": 0,
        "EBIT": 4,
        "Net Income": 5
    },
    "2019-06-30": {
        "Diluted EPS": -0.2,
        "Total Revenue": 82,
        "Gross Profit": 19,
        "Operating Income": -7,
        "EBIT": -3,
        "Net Income": -3
    },
    "2019-03-31": {
        "Diluted EPS": -0.2,
        "Total Revenue": 73,
        "Gross Profit": 17,
        "Operating Income": -9,
        "EBIT": -4,
        "Net Income": -3
    },
    "2018-12-31": {
        "Diluted EPS": -0.7,
        "Total Revenue": 60,
        "Gross Profit": 12,
        "Operating Income": -13,
        "EBIT": -9,
        "Net Income": -9
    },
    "2018-09-30": {
        "Diluted EPS": -0.2,
        "Total Revenue": 66,
        "Gross Profit": 16,
        "Operating Income": -13,
        "EBIT": -8,
        "Net Income": -3
    },
    "2018-06-30": {
        "Diluted EPS": -0.4,
        "Total Revenue": 80,
        "Gross Profit": 22,
        "Operating Income": -6,
        "EBIT": -2,
        "Net Income": -5
    },
    "2018-03-31": {
        "Diluted EPS": -1.1,
        "Total Revenue": 64,
        "Gross Profit": 15,
        "Operating Income": -11,
        "EBIT": -7,
        "Net Income": -14
    },
    "2017-12-31": {
        "Diluted EPS": -1.2,
        "Total Revenue": 55,
        "Gross Profit": 14,
        "Operating Income": -20,
        "EBIT": -16,
        "Net Income": -14
    },
    "2017-09-30": {
        "Diluted EPS": -1.4,
        "Total Revenue": 56,
        "Gross Profit": 14,
        "Operating Income": -17,
        "EBIT": -13,
        "Net Income": -16
    },
    "2017-06-30": {
        "Diluted EPS": 2.9,
        "Total Revenue": 59,
        "Gross Profit": 15,
        "Operating Income": -15,
        "EBIT": -12,
        "Net Income": 32
    },
    "2017-03-31": {
        "Diluted EPS": -1.1,
        "Total Revenue": 60,
        "Gross Profit": 18,
        "Operating Income": -14,
        "EBIT": -10,
        "Net Income": -13
    },
    "2016-12-31": {
        "Diluted EPS": -4.3,
        "Total Revenue": 60,
        "Gross Profit": 13,
        "Operating Income": -21,
        "EBIT": -17,
        "Net Income": -45
    },
    "2016-09-30": {
        "Diluted EPS": -3.0,
        "Total Revenue": 56,
        "Gross Profit": 9,
        "Operating Income": -43,
        "EBIT": -38,
        "Net Income": -32
    },
    "2016-06-30": {
        "Diluted EPS": 0.4,
        "Total Revenue": 37,
        "Gross Profit": 8,
        "Operating Income": -28,
        "EBIT": -24,
        "Net Income": 4
    },
    "2016-03-31": {
        "Diluted EPS": -3.8,
        "Total Revenue": 24,
        "Gross Profit": 6,
        "Operating Income": -22,
        "EBIT": -19,
        "Net Income": -25
    },
    "2015-12-31": {
        "Diluted EPS": -3.5,
        "Total Revenue": 25,
        "Gross Profit": 3,
        "Operating Income": -8,
        "EBIT": -4,
        "Net Income": -23
    },
    "2015-09-30": {
        "Diluted EPS": -5.8,
        "Total Revenue": 22,
        "Gross Profit": 1,
        "Operating Income": -47,
        "EBIT": -44,
        "Net Income": -37
    },
    "2015-06-30": {
        "Diluted EPS": -3.2,
        "Total Revenue": 28,
        "Gross Profit": 9,
        "Operating Income": -20,
        "EBIT": -16,
        "Net Income": -20
    },
    "2015-03-31": {
        "Diluted EPS": -2.7,
        "Total Revenue": 28,
        "Gross Profit": 5,
        "Operating Income": -24,
        "EBIT": -21,
        "Net Income": -17
    },
    "2014-12-31": {
        "Diluted EPS": -10.3,
        "Total Revenue": 27,
        "Gross Profit": 0,
        "Operating Income": -37,
        "EBIT": -32,
        "Net Income": -65
    },
    "2014-09-30": {
        "Diluted EPS": -4.0,
        "Total Revenue": 25,
        "Gross Profit": 8,
        "Operating Income": -30,
        "EBIT": -25,
        "Net Income": -26
    },
    "2014-06-30": {
        "Diluted EPS": -5.6,
        "Total Revenue": 40,
        "Gross Profit": 14,
        "Operating Income": -26,
        "EBIT": -21,
        "Net Income": -35
    },
    "2014-03-31": {
        "Diluted EPS": -3.8,
        "Total Revenue": 42,
        "Gross Profit": 12,
        "Operating Income": -31,
        "EBIT": -27,
        "Net Income": -24
    },
    "2013-12-31": {
        "Diluted EPS": -14.2,
        "Total Revenue": 53,
        "Gross Profit": -17,
        "Operating Income": -96,
        "EBIT": -91,
        "Net Income": -90
    },
    "2013-09-30": {
        "Diluted EPS": -5.3,
        "Total Revenue": 47,
        "Gross Profit": 16,
        "Operating Income": -31,
        "EBIT": -27,
        "Net Income": -30
    },
    "2013-06-30": {
        "Diluted EPS": -6.1,
        "Total Revenue": 35,
        "Gross Profit": 8,
        "Operating Income": -40,
        "EBIT": -37,
        "Net Income": -34
    },
    "2013-03-31": {
        "Diluted EPS": -5.7,
        "Total Revenue": 30,
        "Gross Profit": 8,
        "Operating Income": -35,
        "EBIT": -31,
        "Net Income": -32
    },
    "2012-12-31": {
        "Diluted EPS": -6.8,
        "Total Revenue": 83,
        "Gross Profit": 161,
        "Operating Income": 125,
        "EBIT": 129,
        "Net Income": -38
    },
    "2012-09-30": {
        "Diluted EPS": -5.9,
        "Total Revenue": 76,
        "Gross Profit": 21,
        "Operating Income": -21,
        "EBIT": -18,
        "Net Income": -33
    },
    "2012-06-30": {
        "Diluted EPS": -1.1,
        "Total Revenue": 106,
        "Gross Profit": 41,
        "Operating Income": -2,
        "EBIT": 1,
        "Net Income": -6
    },
    "2012-03-31": {
        "Diluted EPS": -4.4,
        "Total Revenue": 89,
        "Gross Profit": 28,
        "Operating Income": -11,
        "EBIT": -8,
        "Net Income": -23
    },
    "2011-12-31": {
        "Diluted EPS": -3.0,
        "Total Revenue": 101,
        "Gross Profit": 101,
        "Operating Income": 101,
        "EBIT": 101,
        "Net Income": -15
    },
    "2011-09-30": {
        "Diluted EPS": -2.7,
        "Total Revenue": 81,
        "Gross Profit": 26,
        "Operating Income": -5,
        "EBIT": -3,
        "Net Income": -13
    },
    "2011-06-30": {
        "Diluted EPS": -3.8,
        "Total Revenue": 45,
        "Gross Profit": 15,
        "Operating Income": -11,
        "EBIT": -13,
        "Net Income": -18
    },
    "2011-03-31": {
        "Diluted EPS": -3.1,
        "Total Revenue": 38,
        "Gross Profit": 18,
        "Operating Income": -10,
        "EBIT": -6,
        "Net Income": -14
    },
    "2010-12-31": {
        "Diluted EPS": -3.1,
        "Total Revenue": 40,
        "Gross Profit": 13,
        "Operating Income": -8,
        "EBIT": -7,
        "Net Income": -14
    },
    "2010-09-30": {
        "Diluted EPS": -1.6,
        "Total Revenue": 45,
        "Gross Profit": 18,
        "Operating Income": 0,
        "EBIT": 1,
        "Net Income": -6
    },
    "2010-06-30": {
        "Diluted EPS": -2.1,
        "Total Revenue": 25,
        "Gross Profit": 9,
        "Operating Income": -5,
        "EBIT": -6,
        "Net Income": -8
    },
    "2010-03-31": {
        "Diluted EPS": -3.2,
        "Total Revenue": 36,
        "Gross Profit": 13,
        "Operating Income": -4,
        "EBIT": -2,
        "Net Income": -12
    },
    "2009-12-31": {
        "Diluted EPS": -2.1,
        "Total Revenue": 38,
        "Gross Profit": 16,
        "Operating Income": 2,
        "EBIT": 3,
        "Net Income": -7
    },
    "2009-09-30": {
        "Diluted EPS": -2.6,
        "Total Revenue": 30,
        "Gross Profit": 9,
        "Operating Income": -4,
        "EBIT": -4,
        "Net Income": -9
    },
    "2009-06-30": {
        "Diluted EPS": -2.5,
        "Total Revenue": 21,
        "Gross Profit": 6,
        "Operating Income": -6,
        "EBIT": -7,
        "Net Income": -8
    },
    "2009-03-31": {
        "Diluted EPS": -3.8,
        "Total Revenue": 23,
        "Gross Profit": 23,
        "Operating Income": 23,
        "EBIT": 25,
        "Net Income": -11
    },
    "2023-06-30": {
        "Tax Effect Of Unusual Items": NaN,
        "Tax Rate For Calcs": NaN,
        "Normalized EBITDA": NaN,
        "Total Unusual Items": NaN,
        "Total Unusual Items Excluding Goodwill": NaN,
        "Net Income From Continuing Operation Net Minority Interest": NaN,
        "Reconciled Depreciation": NaN,
        "Reconciled Cost Of Revenue": NaN,
        "EBITDA": NaN,
        "EBIT": NaN,
        "Net Interest Income": NaN,
        "Interest Expense": NaN,
        "Interest Income": 733000.0,
        "Normalized Income": NaN,
        "Net Income From Continuing And Discontinued Operation": NaN,
        "Total Expenses": NaN,
        "Total Operating Income As Reported": NaN,
        "Diluted Average Shares": 17173252.0,
        "Basic Average Shares": 17173252.0,
        "Diluted EPS": -0.77,
        "Basic EPS": -0.77,
        "Diluted NI Availto Com Stockholders": NaN,
        "Net Income Common Stockholders": NaN,
        "Net Income": NaN,
        "Net Income Including Noncontrolling Interests": NaN,
        "Net Income Discontinuous Operations": NaN,
        "Net Income Continuous Operations": NaN,
        "Tax Provision": NaN,
        "Pretax Income": NaN,
        "Other Income Expense": NaN,
        "Special Income Charges": -2909000.0,
        "Gain On Sale Of Business": 0.0,
        "Other Special Charges": 2909000.0,
        "Earnings From Equity Interest": NaN,
        "Gain On Sale Of Security": NaN,
        "Net Non Operating Interest Income Expense": NaN,
        "Interest Expense Non Operating": NaN,
        "Interest Income Non Operating": 733000.0,
        "Operating Income": NaN,
        "Operating Expense": NaN,
        "Depreciation Amortization Depletion Income Statement": NaN,
        "Depreciation And Amortization In Income Statement": NaN,
        "Research And Development": NaN,
        "Selling General And Administration": NaN,
        "Selling And Marketing Expense": NaN,
        "General And Administrative Expense": NaN,
        "Other Gand A": NaN,
        "Gross Profit": NaN,
        "Cost Of Revenue": NaN,
        "Total Revenue": NaN,
        "Operating Revenue": NaN
    },
    "2023-09-30": {
        "Tax Effect Of Unusual Items": -9046.865895,
        "Tax Rate For Calcs": 0.006326,
        "Normalized EBITDA": -6765000.0,
        "Total Unusual Items": -1430000.0,
        "Total Unusual Items Excluding Goodwill": -1430000.0,
        "Net Income From Continuing Operation Net Minority Interest": -11937000.0,
        "Reconciled Depreciation": 3250000.0,
        "Reconciled Cost Of Revenue": 62013000.0,
        "EBITDA": -8195000.0,
        "EBIT": -11445000.0,
        "Net Interest Income": -330000.0,
        "Interest Expense": 568000.0,
        "Interest Income": 238000.0,
        "Normalized Income": -10516046.865895,
        "Net Income From Continuing And Discontinued Operation": -11937000.0,
        "Total Expenses": 88092000.0,
        "Total Operating Income As Reported": -12131000.0,
        "Diluted Average Shares": 17174972.0,
        "Basic Average Shares": 17174972.0,
        "Diluted EPS": -0.7,
        "Basic EPS": -0.7,
        "Diluted NI Availto Com Stockholders": -11937000.0,
        "Net Income Common Stockholders": -11937000.0,
        "Net Income": -11937000.0,
        "Net Income Including Noncontrolling Interests": -11937000.0,
        "Net Income Discontinuous Operations": NaN,
        "Net Income Continuous Operations": -11937000.0,
        "Tax Provision": -76000.0,
        "Pretax Income": -12013000.0,
        "Other Income Expense": -982000.0,
        "Special Income Charges": 0.0,
        "Gain On Sale Of Business": 0.0,
        "Other Special Charges": NaN,
        "Earnings From Equity Interest": 448000.0,
        "Gain On Sale Of Security": -1430000.0,
        "Net Non Operating Interest Income Expense": -330000.0,
        "Interest Expense Non Operating": 568000.0,
        "Interest Income Non Operating": 238000.0,
        "Operating Income": -10701000.0,
        "Operating Expense": 23929000.0,
        "Depreciation Amortization Depletion Income Statement": 1100000.0,
        "Depreciation And Amortization In Income Statement": 1100000.0,
        "Research And Development": 5748000.0,
        "Selling General And Administration": 17081000.0,
        "Selling And Marketing Expense": 4088000.0,
        "General And Administrative Expense": 12993000.0,
        "Other Gand A": 12993000.0,
        "Gross Profit": 13228000.0,
        "Cost Of Revenue": 64163000.0,
        "Total Revenue": 77391000.0,
        "Operating Revenue": 77391000.0
    },
    "2023-12-31": {
        "Tax Effect Of Unusual Items": 3905.793487,
        "Tax Rate For Calcs": 0.0062,
        "Normalized EBITDA": -10520000.0,
        "Total Unusual Items": 630000.0,
        "Total Unusual Items Excluding Goodwill": 630000.0,
        "Net Income From Continuing Operation Net Minority Interest": -13946000.0,
        "Reconciled Depreciation": 3220000.0,
        "Reconciled Cost Of Revenue": 77088000.0,
        "EBITDA": -9890000.0,
        "EBIT": -13110000.0,
        "Net Interest Income": 207000.0,
        "Interest Expense": 923000.0,
        "Interest Income": 1130000.0,
        "Normalized Income": -14572094.206513,
        "Net Income From Continuing And Discontinued Operation": -13946000.0,
        "Total Expenses": 102163000.0,
        "Total Operating Income As Reported": -14097000.0,
        "Diluted Average Shares": NaN,
        "Basic Average Shares": NaN,
        "Diluted EPS": NaN,
        "Basic EPS": NaN,
        "Diluted NI Availto Com Stockholders": -13946000.0,
        "Net Income Common Stockholders": -13946000.0,
        "Net Income": -13946000.0,
        "Net Income Including Noncontrolling Interests": -13946000.0,
        "Net Income Discontinuous Operations": NaN,
        "Net Income Continuous Operations": -13946000.0,
        "Tax Provision": -87000.0,
        "Pretax Income": -14033000.0,
        "Other Income Expense": 777000.0,
        "Special Income Charges": -445000.0,
        "Gain On Sale Of Business": NaN,
        "Other Special Charges": 0.0,
        "Earnings From Equity Interest": 147000.0,
        "Gain On Sale Of Security": 1075000.0,
        "Net Non Operating Interest Income Expense": 207000.0,
        "Interest Expense Non Operating": 923000.0,
        "Interest Income Non Operating": 1130000.0,
        "Operating Income": -15017000.0,
        "Operating Expense": 22996000.0,
        "Depreciation Amortization Depletion Income Statement": 1141000.0,
        "Depreciation And Amortization In Income Statement": 1141000.0,
        "Research And Development": 7207000.0,
        "Selling General And Administration": 14648000.0,
        "Selling And Marketing Expense": 3721000.0,
        "General And Administrative Expense": 10927000.0,
        "Other Gand A": 10927000.0,
        "Gross Profit": 7979000.0,
        "Cost Of Revenue": 79167000.0,
        "Total Revenue": 87146000.0,
        "Operating Revenue": 87146000.0
    },
    "2024-03-31": {
        "Tax Effect Of Unusual Items": -273000.0,
        "Tax Rate For Calcs": 0.15,
        "Normalized EBITDA": -7034000.0,
        "Total Unusual Items": -1820000.0,
        "Total Unusual Items Excluding Goodwill": -1820000.0,
        "Net Income From Continuing Operation Net Minority Interest": -13648000.0,
        "Reconciled Depreciation": 3247000.0,
        "Reconciled Cost Of Revenue": 63647000.0,
        "EBITDA": -8854000.0,
        "EBIT": -12101000.0,
        "Net Interest Income": -471000.0,
        "Interest Expense": 812000.0,
        "Interest Income": 341000.0,
        "Normalized Income": -12101000.0,
        "Net Income From Continuing And Discontinued Operation": -13648000.0,
        "Total Expenses": 88227000.0,
        "Total Operating Income As Reported": -12473000.0,
        "Diluted Average Shares": 17220540.0,
        "Basic Average Shares": 17220540.0,
        "Diluted EPS": -0.79,
        "Basic EPS": -0.79,
        "Diluted NI Availto Com Stockholders": -13648000.0,
        "Net Income Common Stockholders": -13648000.0,
        "Net Income": -13648000.0,
        "Net Income Including Noncontrolling Interests": -13648000.0,
        "Net Income Discontinuous Operations": NaN,
        "Net Income Continuous Operations": -13648000.0,
        "Tax Provision": 735000.0,
        "Pretax Income": -12913000.0,
        "Other Income Expense": -1789000.0,
        "Special Income Charges": NaN,
        "Gain On Sale Of Business": NaN,
        "Other Special Charges": NaN,
        "Earnings From Equity Interest": 31000.0,
        "Gain On Sale Of Security": -1820000.0,
        "Net Non Operating Interest Income Expense": -471000.0,
        "Interest Expense Non Operating": 812000.0,
        "Interest Income Non Operating": 341000.0,
        "Operating Income": -10653000.0,
        "Operating Expense": 22376000.0,
        "Depreciation Amortization Depletion Income Statement": 1043000.0,
        "Depreciation And Amortization In Income Statement": 1043000.0,
        "Research And Development": 7693000.0,
        "Selling General And Administration": 13640000.0,
        "Selling And Marketing Expense": 3287000.0,
        "General And Administrative Expense": 10353000.0,
        "Other Gand A": 10353000.0,
        "Gross Profit": 11723000.0,
        "Cost Of Revenue": 65851000.0,
        "Total Revenue": 77574000.0,
        "Operating Revenue": 77574000.0
    },
    "2024-06-30": {
        "Tax Effect Of Unusual Items": 1871128.818061,
        "Tax Rate For Calcs": 0.141656,
        "Normalized EBITDA": -4173000.0,
        "Total Unusual Items": 13209000.0,
        "Total Unusual Items Excluding Goodwill": 13209000.0,
        "Net Income From Continuing Operation Net Minority Interest": 5817000.0,
        "Reconciled Depreciation": 1716000.0,
        "Reconciled Cost Of Revenue": 65268000.0,
        "EBITDA": 9036000.0,
        "EBIT": 7320000.0,
        "Net Interest Income": -543000.0,
        "Interest Expense": 543000.0,
        "Interest Income": NaN,
        "Normalized Income": -5520871.181939,
        "Net Income From Continuing And Discontinued Operation": 5817000.0,
        "Total Expenses": 88587000.0,
        "Total Operating Income As Reported": -5258000.0,
        "Diluted Average Shares": 17488070.0,
        "Basic Average Shares": 17239460.0,
        "Diluted EPS": 0.33,
        "Basic EPS": 0.33,
        "Diluted NI Availto Com Stockholders": 5817000.0,
        "Net Income Common Stockholders": 5817000.0,
        "Net Income": 5817000.0,
        "Net Income Including Noncontrolling Interests": 5817000.0,
        "Net Income Discontinuous Operations": NaN,
        "Net Income Continuous Operations": 5817000.0,
        "Tax Provision": 960000.0,
        "Pretax Income": 6777000.0,
        "Other Income Expense": 12521000.0,
        "Special Income Charges": 13266000.0,
        "Gain On Sale Of Business": 13266000.0,
        "Other Special Charges": NaN,
        "Earnings From Equity Interest": -688000.0,
        "Gain On Sale Of Security": -57000.0,
        "Net Non Operating Interest Income Expense": -543000.0,
        "Interest Expense Non Operating": 543000.0,
        "Interest Income Non Operating": NaN,
        "Operating Income": -5201000.0,
        "Operating Expense": 22323000.0,
        "Depreciation Amortization Depletion Income Statement": 720000.0,
        "Depreciation And Amortization In Income Statement": 720000.0,
        "Research And Development": 6560000.0,
        "Selling General And Administration": 15043000.0,
        "Selling And Marketing Expense": 3440000.0,
        "General And Administrative Expense": 11603000.0,
        "Other Gand A": 11603000.0,
        "Gross Profit": 17122000.0,
        "Cost Of Revenue": 66264000.0,
        "Total Revenue": 83386000.0,
        "Operating Revenue": 83386000.0
    },
    "2024-09-30": {
        "Tax Effect Of Unusual Items": 107550.0,
        "Tax Rate For Calcs": 0.15,
        "Normalized EBITDA": -449000.0,
        "Total Unusual Items": 717000.0,
        "Total Unusual Items Excluding Goodwill": 717000.0,
        "Net Income From Continuing Operation Net Minority Interest": -3868000.0,
        "Reconciled Depreciation": 1790000.0,
        "Reconciled Cost Of Revenue": 50746000.0,
        "EBITDA": 268000.0,
        "EBIT": -1522000.0,
        "Net Interest Income": -350000.0,
        "Interest Expense": 919000.0,
        "Interest Income": 569000.0,
        "Normalized Income": -4477450.0,
        "Net Income From Continuing And Discontinued Operation": -3868000.0,
        "Total Expenses": 66278000.0,
        "Total Operating Income As Reported": 1042000.0,
        "Diluted Average Shares": 17264157.0,
        "Basic Average Shares": 17264157.0,
        "Diluted EPS": -0.22,
        "Basic EPS": -0.22,
        "Diluted NI Availto Com Stockholders": -3868000.0,
        "Net Income Common Stockholders": -3868000.0,
        "Net Income": -3868000.0,
        "Net Income Including Noncontrolling Interests": -3868000.0,
        "Net Income Discontinuous Operations": NaN,
        "Net Income Continuous Operations": -3868000.0,
        "Tax Provision": 1427000.0,
        "Pretax Income": -2441000.0,
        "Other Income Expense": -2064000.0,
        "Special Income Charges": 0.0,
        "Gain On Sale Of Business": 0.0,
        "Other Special Charges": NaN,
        "Earnings From Equity Interest": -2781000.0,
        "Gain On Sale Of Security": 717000.0,
        "Net Non Operating Interest Income Expense": -350000.0,
        "Interest Expense Non Operating": 919000.0,
        "Interest Income Non Operating": 569000.0,
        "Operating Income": -27000.0,
        "Operating Expense": 14493000.0,
        "Depreciation Amortization Depletion Income Statement": 751000.0,
        "Depreciation And Amortization In Income Statement": 751000.0,
        "Research And Development": 3266000.0,
        "Selling General And Administration": 10476000.0,
        "Selling And Marketing Expense": 2770000.0,
        "General And Administrative Expense": 7706000.0,
        "Other Gand A": 7706000.0,
        "Gross Profit": 14466000.0,
        "Cost Of Revenue": 51785000.0,
        "Total Revenue": 66251000.0,
        "Operating Revenue": 66251000.0
    }
}