{
    "2023-03-31": {
        "Tax Effect Of Unusual Items": 0.0,
        "Tax Rate For Calcs": 0.21,
        "Normalized EBITDA": -3290000.0,
        "Net Income From Continuing Operation Net Minority Interest": -10812000.0,
        "Reconciled Depreciation": 9140000.0,
        "Reconciled Cost Of Revenue": 77177000.0,
        "EBITDA": -3290000.0,
        "EBIT": -12430000.0,
        "Net Interest Income": 1879000.0,
        "Interest Income": NaN,
        "Normalized Income": -10812000.0,
        "Net Income From Continuing And Discontinued Operation": -10812000.0,
        "Total Expenses": 184398000.0,
        "Total Operating Income As Reported": -12430000.0,
        "Diluted Average Shares": 116159428.0,
        "Basic Average Shares": 116159428.0,
        "Diluted EPS": -0.09,
        "Basic EPS": -0.09,
        "Diluted NI Availto Com Stockholders": -10812000.0,
        "Net Income Common Stockholders": -10812000.0,
        "Net Income": -10812000.0,
        "Net Income Including Noncontrolling Interests": -10812000.0,
        "Net Income Continuous Operations": -10812000.0,
        "Tax Provision": 261000.0,
        "Pretax Income": -10551000.0,
        "Net Non Operating Interest Income Expense": 1879000.0,
        "Total Other Finance Cost": -1879000.0,
        "Interest Income Non Operating": NaN,
        "Operating Income": -12430000.0,
        "Operating Expense": 107221000.0,
        "Selling General And Administration": 107221000.0,
        "Gross Profit": 94791000.0,
        "Cost Of Revenue": 77177000.0,
        "Total Revenue": 171968000.0,
        "Operating Revenue": 171968000.0
    },
    "2022-12-31": {
        "Tax Effect Of Unusual Items": 0.0,
        "Tax Rate For Calcs": 0.003788,
        "Normalized EBITDA": -12793000.0,
        "Net Income From Continuing Operation Net Minority Interest": -20251000.0,
        "Reconciled Depreciation": 8917000.0,
        "Reconciled Cost Of Revenue": 65842000.0,
        "EBITDA": -12793000.0,
        "EBIT": -21710000.0,
        "Net Interest Income": 1382000.0,
        "Interest Income": NaN,
        "Normalized Income": -20251000.0,
        "Net Income From Continuing And Discontinued Operation": -20251000.0,
        "Total Expenses": 168203000.0,
        "Total Operating Income As Reported": -21710000.0,
        "Diluted Average Shares": 115713915.0,
        "Basic Average Shares": 115713915.0,
        "Diluted EPS": -0.18,
        "Basic EPS": -0.18,
        "Diluted NI Availto Com Stockholders": -20251000.0,
        "Net Income Common Stockholders": -20251000.0,
        "Net Income": -20251000.0,
        "Net Income Including Noncontrolling Interests": -20251000.0,
        "Net Income Continuous Operations": -20251000.0,
        "Tax Provision": -77000.0,
        "Pretax Income": -20328000.0,
        "Net Non Operating Interest Income Expense": 1382000.0,
        "Total Other Finance Cost": NaN,
        "Interest Income Non Operating": NaN,
        "Operating Income": -21710000.0,
        "Operating Expense": 102361000.0,
        "Selling General And Administration": 102361000.0,
        "Gross Profit": 80651000.0,
        "Cost Of Revenue": 65842000.0,
        "Total Revenue": 146493000.0,
        "Operating Revenue": 146493000.0
    },
    "2022-09-30": {
        "Tax Effect Of Unusual Items": NaN,
        "Tax Rate For Calcs": NaN,
        "Normalized EBITDA": NaN,
        "Net Income From Continuing Operation Net Minority Interest": NaN,
        "Reconciled Depreciation": NaN,
        "Reconciled Cost Of Revenue": NaN,
        "EBITDA": NaN,
        "EBIT": NaN,
        "Net Interest Income": NaN,
        "Interest Expense": 183000.0,
        "Interest Income": NaN,
        "Normalized Income": NaN,
        "Net Income From Continuing And Discontinued Operation": NaN,
        "Total Expenses": NaN,
        "Total Operating Income As Reported": NaN,
        "Diluted Average Shares": NaN,
        "Basic Average Shares": NaN,
        "Diluted EPS": NaN,
        "Basic EPS": NaN,
        "Diluted NI Availto Com Stockholders": NaN,
        "Net Income Common Stockholders": NaN,
        "Net Income": NaN,
        "Net Income Including Noncontrolling Interests": NaN,
        "Net Income Continuous Operations": NaN,
        "Tax Provision": NaN,
        "Pretax Income": NaN,
        "Net Non Operating Interest Income Expense": NaN,
        "Total Other Finance Cost": 183000.0,
        "Interest Expense Non Operating": 183000.0,
        "Interest Income Non Operating": NaN,
        "Operating Income": NaN,
        "Operating Expense": NaN,
        "Selling General And Administration": NaN,
        "Gross Profit": NaN,
        "Cost Of Revenue": NaN,
        "Total Revenue": NaN,
        "Operating Revenue": NaN
    },
    "2022-06-30": {
        "Tax Effect Of Unusual Items": 0.0,
        "Tax Rate For Calcs": 0.4,
        "Normalized EBITDA": -24201000.0,
        "Net Income From Continuing Operation Net Minority Interest": -32166000.0,
        "Reconciled Depreciation": 7880000.0,
        "Reconciled Cost Of Revenue": 63277000.0,
        "EBITDA": -24201000.0,
        "EBIT": -32081000.0,
        "Net Interest Income": -38000.0,
        "Interest Expense": 38000.0,
        "Interest Income": NaN,
        "Normalized Income": -32166000.0,
        "Net Income From Continuing And Discontinued Operation": -32166000.0,
        "Total Expenses": 181705000.0,
        "Total Operating Income As Reported": -32081000.0,
        "Diluted Average Shares": 114679892.0,
        "Basic Average Shares": 114679892.0,
        "Diluted EPS": -0.28,
        "Basic EPS": -0.28,
        "Diluted NI Availto Com Stockholders": -32166000.0,
        "Net Income Common Stockholders": -32166000.0,
        "Net Income": -32166000.0,
        "Net Income Including Noncontrolling Interests": -32166000.0,
        "Net Income Continuous Operations": -32166000.0,
        "Tax Provision": 47000.0,
        "Pretax Income": -32119000.0,
        "Net Non Operating Interest Income Expense": -38000.0,
        "Total Other Finance Cost": NaN,
        "Interest Expense Non Operating": 38000.0,
        "Interest Income Non Operating": NaN,
        "Operating Income": -32081000.0,
        "Operating Expense": 118428000.0,
        "Selling General And Administration": 118428000.0,
        "Gross Profit": 86347000.0,
        "Cost Of Revenue": 63277000.0,
        "Total Revenue": 149624000.0,
        "Operating Revenue": 149624000.0
    },
    "2022-03-31": {
        "Diluted EPS": -0.3,
        "Total Revenue": 153,
        "Gross Profit": 90,
        "Operating Income": -34,
        "EBIT": -27,
        "Net Income": -34
    },
    "2021-12-31": {
        "Diluted EPS": -0.38,
        "Total Revenue": 133,
        "Gross Profit": 76,
        "Operating Income": -46,
        "EBIT": -40,
        "Net Income": -46
    },
    "2021-09-30": {
        "Diluted EPS": -1.45,
        "Total Revenue": 137,
        "Gross Profit": 80,
        "Operating Income": -92,
        "EBIT": -87,
        "Net Income": -91
    },
    "2021-06-30": {
        "Diluted EPS": -0.35,
        "Total Revenue": 132,
        "Gross Profit": 78,
        "Operating Income": -9,
        "EBIT": -4,
        "Net Income": -19
    },
    "2021-03-31": {
        "Diluted EPS": -0.03,
        "Total Revenue": 139,
        "Gross Profit": 84,
        "Operating Income": 3,
        "EBIT": 8,
        "Net Income": -2
    },
    "2020-12-31": {
        "Diluted EPS": 0.0,
        "Total Revenue": NaN,
        "Gross Profit": NaN,
        "Operating Income": NaN,
        "EBIT": NaN,
        "Net Income": NaN
    },
    "2020-09-30": {
        "Diluted EPS": -0.78,
        "Total Revenue": 104,
        "Gross Profit": 64,
        "Operating Income": -41,
        "EBIT": -41,
        "Net Income": -42
    },
    "2019-12-31": {
        "Diluted EPS": 0.0,
        "Total Revenue": NaN,
        "Gross Profit": NaN,
        "Operating Income": NaN,
        "EBIT": NaN,
        "Net Income": NaN
    },
    "2023-06-30": {
        "Tax Effect Of Unusual Items": NaN,
        "Tax Rate For Calcs": NaN,
        "Normalized EBITDA": NaN,
        "Net Income From Continuing Operation Net Minority Interest": NaN,
        "Reconciled Depreciation": NaN,
        "Reconciled Cost Of Revenue": NaN,
        "EBITDA": NaN,
        "EBIT": NaN,
        "Net Interest Income": NaN,
        "Interest Income": 2281000.0,
        "Normalized Income": NaN,
        "Net Income From Continuing And Discontinued Operation": NaN,
        "Total Expenses": NaN,
        "Total Operating Income As Reported": NaN,
        "Diluted Average Shares": NaN,
        "Basic Average Shares": NaN,
        "Diluted EPS": NaN,
        "Basic EPS": NaN,
        "Diluted NI Availto Com Stockholders": NaN,
        "Net Income Common Stockholders": NaN,
        "Net Income": NaN,
        "Net Income Including Noncontrolling Interests": NaN,
        "Net Income Continuous Operations": NaN,
        "Tax Provision": NaN,
        "Pretax Income": NaN,
        "Net Non Operating Interest Income Expense": NaN,
        "Total Other Finance Cost": NaN,
        "Interest Income Non Operating": 2281000.0,
        "Operating Income": NaN,
        "Operating Expense": NaN,
        "Selling General And Administration": NaN,
        "Gross Profit": NaN,
        "Cost Of Revenue": NaN,
        "Total Revenue": NaN,
        "Operating Revenue": NaN
    },
    "2023-09-30": {
        "Tax Effect Of Unusual Items": 0.0,
        "Tax Rate For Calcs": 0.21,
        "Normalized EBITDA": -10007000.0,
        "Net Income From Continuing Operation Net Minority Interest": -17413000.0,
        "Reconciled Depreciation": 9760000.0,
        "Reconciled Cost Of Revenue": 77117000.0,
        "EBITDA": -10007000.0,
        "EBIT": -19767000.0,
        "Net Interest Income": 2655000.0,
        "Interest Income": NaN,
        "Normalized Income": -17413000.0,
        "Net Income From Continuing And Discontinued Operation": -17413000.0,
        "Total Expenses": 189616000.0,
        "Total Operating Income As Reported": -19767000.0,
        "Diluted Average Shares": 118003640.0,
        "Basic Average Shares": 118003640.0,
        "Diluted EPS": -0.15,
        "Basic EPS": -0.15,
        "Diluted NI Availto Com Stockholders": -17413000.0,
        "Net Income Common Stockholders": -17413000.0,
        "Net Income": -17413000.0,
        "Net Income Including Noncontrolling Interests": -17413000.0,
        "Net Income Continuous Operations": -17413000.0,
        "Tax Provision": 301000.0,
        "Pretax Income": -17112000.0,
        "Net Non Operating Interest Income Expense": 2655000.0,
        "Total Other Finance Cost": -2655000.0,
        "Interest Income Non Operating": NaN,
        "Operating Income": -19767000.0,
        "Operating Expense": 112499000.0,
        "Selling General And Administration": 112499000.0,
        "Gross Profit": 92732000.0,
        "Cost Of Revenue": 77117000.0,
        "Total Revenue": 169849000.0,
        "Operating Revenue": 169849000.0
    },
    "2023-12-31": {
        "Tax Effect Of Unusual Items": 0.0,
        "Tax Rate For Calcs": 0.005482,
        "Normalized EBITDA": -11199000.0,
        "Net Income From Continuing Operation Net Minority Interest": -19047000.0,
        "Reconciled Depreciation": 10370000.0,
        "Reconciled Cost Of Revenue": 74789000.0,
        "EBITDA": -11199000.0,
        "EBIT": -21569000.0,
        "Net Interest Income": 2417000.0,
        "Interest Income": NaN,
        "Normalized Income": -19047000.0,
        "Net Income From Continuing And Discontinued Operation": -19047000.0,
        "Total Expenses": 183424000.0,
        "Total Operating Income As Reported": -21569000.0,
        "Diluted Average Shares": 118569946.0,
        "Basic Average Shares": 118569946.0,
        "Diluted EPS": -0.16,
        "Basic EPS": -0.16,
        "Diluted NI Availto Com Stockholders": -19047000.0,
        "Net Income Common Stockholders": -19047000.0,
        "Net Income": -19047000.0,
        "Net Income Including Noncontrolling Interests": -19047000.0,
        "Net Income Continuous Operations": -19047000.0,
        "Tax Provision": -105000.0,
        "Pretax Income": -19152000.0,
        "Net Non Operating Interest Income Expense": 2417000.0,
        "Total Other Finance Cost": -2417000.0,
        "Interest Income Non Operating": NaN,
        "Operating Income": -21569000.0,
        "Operating Expense": 108635000.0,
        "Selling General And Administration": 108635000.0,
        "Gross Profit": 87066000.0,
        "Cost Of Revenue": 74789000.0,
        "Total Revenue": 161855000.0,
        "Operating Revenue": 161855000.0
    },
    "2024-03-31": {
        "Tax Effect Of Unusual Items": 0.0,
        "Tax Rate For Calcs": 0.21,
        "Normalized EBITDA": 5456000.0,
        "Net Income From Continuing Operation Net Minority Interest": -2679000.0,
        "Reconciled Depreciation": 10583000.0,
        "Reconciled Cost Of Revenue": 86544000.0,
        "EBITDA": 5456000.0,
        "EBIT": -5127000.0,
        "Net Interest Income": 2556000.0,
        "Interest Income": NaN,
        "Normalized Income": -2679000.0,
        "Net Income From Continuing And Discontinued Operation": -2679000.0,
        "Total Expenses": 205130000.0,
        "Total Operating Income As Reported": -5127000.0,
        "Diluted Average Shares": 119143534.0,
        "Basic Average Shares": 119143534.0,
        "Diluted EPS": -0.02,
        "Basic EPS": -0.02,
        "Diluted NI Availto Com Stockholders": -2679000.0,
        "Net Income Common Stockholders": -2679000.0,
        "Net Income": -2679000.0,
        "Net Income Including Noncontrolling Interests": -2679000.0,
        "Net Income Continuous Operations": -2679000.0,
        "Tax Provision": 108000.0,
        "Pretax Income": -2571000.0,
        "Net Non Operating Interest Income Expense": 2556000.0,
        "Total Other Finance Cost": -2556000.0,
        "Interest Income Non Operating": NaN,
        "Operating Income": -5127000.0,
        "Operating Expense": 118586000.0,
        "Selling General And Administration": 118586000.0,
        "Gross Profit": 113459000.0,
        "Cost Of Revenue": 86544000.0,
        "Total Revenue": 200003000.0,
        "Operating Revenue": 200003000.0
    },
    "2024-06-30": {
        "Tax Effect Of Unusual Items": 0.0,
        "Tax Rate For Calcs": 0.21,
        "Normalized EBITDA": 2165000.0,
        "Net Income From Continuing Operation Net Minority Interest": -6762000.0,
        "Reconciled Depreciation": 11121000.0,
        "Reconciled Cost Of Revenue": 82840000.0,
        "EBITDA": 2165000.0,
        "EBIT": -8956000.0,
        "Net Interest Income": 2567000.0,
        "Interest Income": NaN,
        "Normalized Income": -6762000.0,
        "Net Income From Continuing And Discontinued Operation": -6762000.0,
        "Total Expenses": 197178000.0,
        "Total Operating Income As Reported": -8956000.0,
        "Diluted Average Shares": 120086495.0,
        "Basic Average Shares": 120086495.0,
        "Diluted EPS": -0.06,
        "Basic EPS": -0.06,
        "Diluted NI Availto Com Stockholders": -6762000.0,
        "Net Income Common Stockholders": -6762000.0,
        "Net Income": -6762000.0,
        "Net Income Including Noncontrolling Interests": -6762000.0,
        "Net Income Continuous Operations": -6762000.0,
        "Tax Provision": 373000.0,
        "Pretax Income": -6389000.0,
        "Net Non Operating Interest Income Expense": 2567000.0,
        "Total Other Finance Cost": -2567000.0,
        "Interest Income Non Operating": NaN,
        "Operating Income": -8956000.0,
        "Operating Expense": 114338000.0,
        "Selling General And Administration": 114338000.0,
        "Gross Profit": 105382000.0,
        "Cost Of Revenue": 82840000.0,
        "Total Revenue": 188222000.0,
        "Operating Revenue": 188222000.0
    },
    "2024-09-30": {
        "Tax Effect Of Unusual Items": 0.0,
        "Tax Rate For Calcs": 0.21,
        "Normalized EBITDA": 5216000.0,
        "Net Income From Continuing Operation Net Minority Interest": -4072000.0,
        "Reconciled Depreciation": 11829000.0,
        "Reconciled Cost Of Revenue": 87580000.0,
        "EBITDA": 5216000.0,
        "EBIT": -6613000.0,
        "Net Interest Income": 2842000.0,
        "Interest Income": NaN,
        "Normalized Income": -4072000.0,
        "Net Income From Continuing And Discontinued Operation": -4072000.0,
        "Total Expenses": 199060000.0,
        "Total Operating Income As Reported": -6613000.0,
        "Diluted Average Shares": 120885913.0,
        "Basic Average Shares": 120885913.0,
        "Diluted EPS": -0.03,
        "Basic EPS": -0.03,
        "Diluted NI Availto Com Stockholders": -4072000.0,
        "Net Income Common Stockholders": -4072000.0,
        "Net Income": -4072000.0,
        "Net Income Including Noncontrolling Interests": -4072000.0,
        "Net Income Continuous Operations": -4072000.0,
        "Tax Provision": 301000.0,
        "Pretax Income": -3771000.0,
        "Net Non Operating Interest Income Expense": 2842000.0,
        "Total Other Finance Cost": -2842000.0,
        "Interest Income Non Operating": NaN,
        "Operating Income": -6613000.0,
        "Operating Expense": 111480000.0,
        "Selling General And Administration": 111480000.0,
        "Gross Profit": 104867000.0,
        "Cost Of Revenue": 87580000.0,
        "Total Revenue": 192447000.0,
        "Operating Revenue": 192447000.0
    }
}