{
    "2023-06-30": {
        "Tax Effect Of Unusual Items": 0.0,
        "Tax Rate For Calcs": 0.227902,
        "Net Income From Continuing Operation Net Minority Interest": 9538748.0,
        "Reconciled Depreciation": 2643831.0,
        "Net Interest Income": 104376665.0,
        "Interest Expense": 12242249.0,
        "Interest Income": 116618914.0,
        "Normalized Income": 9538748.0,
        "Net Income From Continuing And Discontinued Operation": 9538748.0,
        "Diluted Average Shares": 6240497.0,
        "Basic Average Shares": 6240497.0,
        "Diluted EPS": 1.528564,
        "Basic EPS": 1.528564,
        "Diluted NI Availto Com Stockholders": 9538748.0,
        "Net Income Common Stockholders": 9538748.0,
        "Net Income": 9538748.0,
        "Net Income Including Noncontrolling Interests": 9538748.0,
        "Net Income Continuous Operations": 9538748.0,
        "Tax Provision": 2815578.0,
        "Pretax Income": 12354326.0,
        "Depreciation Amortization Depletion Income Statement": 1069316.0,
        "Depreciation And Amortization In Income Statement": 1069316.0,
        "Amortization": 1069316.0,
        "Amortization Of Intangibles Income Statement": 1069316.0,
        "Selling General And Administration": 54436148.0,
        "Selling And Marketing Expense": 2749544.0,
        "General And Administrative Expense": 51686604.0,
        "Other Gand A": 9894517.0,
        "Salaries And Wages": 41792087.0,
        "Total Revenue": 127081542.0,
        "Operating Revenue": 127081542.0,
        "Occupancy And Equipment": 12619740.0
    },
    "2023-03-31": {
        "Tax Effect Of Unusual Items": 0.0,
        "Tax Rate For Calcs": 0.259593,
        "Net Income From Continuing Operation Net Minority Interest": 25641873.0,
        "Reconciled Depreciation": 2704830.0,
        "Net Interest Income": 109282344.0,
        "Interest Expense": 12185371.0,
        "Interest Income": 121467715.0,
        "Normalized Income": 25641873.0,
        "Net Income From Continuing And Discontinued Operation": 25641873.0,
        "Diluted Average Shares": 6231082.0,
        "Basic Average Shares": 6231082.0,
        "Diluted EPS": 4.115337,
        "Basic EPS": 4.115337,
        "Diluted NI Availto Com Stockholders": 25641873.0,
        "Net Income Common Stockholders": 25641873.0,
        "Net Income": 25641873.0,
        "Net Income Including Noncontrolling Interests": 25641873.0,
        "Net Income Continuous Operations": 25641873.0,
        "Tax Provision": 8990269.0,
        "Pretax Income": 34632142.0,
        "Depreciation Amortization Depletion Income Statement": 1113841.0,
        "Depreciation And Amortization In Income Statement": 1113841.0,
        "Amortization": 1113841.0,
        "Amortization Of Intangibles Income Statement": 1113841.0,
        "Selling General And Administration": 55436083.0,
        "Selling And Marketing Expense": 1554220.0,
        "General And Administrative Expense": 53881863.0,
        "Other Gand A": 7364632.0,
        "Salaries And Wages": 46517231.0,
        "Total Revenue": 149042697.0,
        "Operating Revenue": 149042697.0,
        "Occupancy And Equipment": 12448500.0
    },
    "2022-12-31": {
        "Tax Effect Of Unusual Items": 0.0,
        "Tax Rate For Calcs": 0.265,
        "Net Income From Continuing Operation Net Minority Interest": 5804586.0,
        "Reconciled Depreciation": 2746784.0,
        "Net Interest Income": 112130570.0,
        "Interest Expense": 14070458.0,
        "Interest Income": 126201028.0,
        "Normalized Income": 5804586.0,
        "Net Income From Continuing And Discontinued Operation": 5804586.0,
        "Diluted Average Shares": NaN,
        "Basic Average Shares": NaN,
        "Diluted EPS": NaN,
        "Basic EPS": NaN,
        "Diluted NI Availto Com Stockholders": 5804586.0,
        "Net Income Common Stockholders": 5804586.0,
        "Net Income": 5804586.0,
        "Net Income Including Noncontrolling Interests": 5804586.0,
        "Net Income Continuous Operations": 5804586.0,
        "Tax Provision": 2097057.0,
        "Pretax Income": 7901643.0,
        "Depreciation Amortization Depletion Income Statement": 1114540.0,
        "Depreciation And Amortization In Income Statement": 1114540.0,
        "Amortization": 1114540.0,
        "Amortization Of Intangibles Income Statement": 1114540.0,
        "Selling General And Administration": 50904398.0,
        "Selling And Marketing Expense": 1323671.0,
        "General And Administrative Expense": 49580727.0,
        "Other Gand A": 8880014.0,
        "Salaries And Wages": 40700713.0,
        "Total Revenue": 132461692.0,
        "Operating Revenue": 132461692.0
    },
    "2022-09-30": {
        "Tax Effect Of Unusual Items": 0.0,
        "Tax Rate For Calcs": 0.1527,
        "Net Income From Continuing Operation Net Minority Interest": -1365000.0,
        "Reconciled Depreciation": 1106000.0,
        "Net Interest Income": 117430000.0,
        "Interest Expense": 13032000.0,
        "Interest Income": 130462000.0,
        "Normalized Income": -1365000.0,
        "Net Income From Continuing And Discontinued Operation": -1365000.0,
        "Diluted Average Shares": 5726469.0,
        "Basic Average Shares": 5726469.0,
        "Diluted EPS": -0.24,
        "Basic EPS": -0.24,
        "Diluted NI Availto Com Stockholders": -1365000.0,
        "Net Income Common Stockholders": -1365000.0,
        "Net Income": -1365000.0,
        "Net Income Including Noncontrolling Interests": -1365000.0,
        "Net Income Continuous Operations": -1365000.0,
        "Tax Provision": -246000.0,
        "Pretax Income": -1611000.0,
        "Depreciation Amortization Depletion Income Statement": 1106000.0,
        "Depreciation And Amortization In Income Statement": 1106000.0,
        "Amortization": 1106000.0,
        "Amortization Of Intangibles Income Statement": 1106000.0,
        "Selling General And Administration": 56589000.0,
        "Selling And Marketing Expense": 1010000.0,
        "General And Administrative Expense": 55579000.0,
        "Other Gand A": 10284000.0,
        "Salaries And Wages": 45295000.0,
        "Total Revenue": 138195000.0,
        "Operating Revenue": 138195000.0
    },
    "2022-06-30": {
        "Tax Effect Of Unusual Items": 0.0,
        "Tax Rate For Calcs": 0.281505,
        "Net Income From Continuing Operation Net Minority Interest": -8803000.0,
        "Reconciled Depreciation": 1132000.0,
        "Net Interest Income": 119031000.0,
        "Interest Expense": 11174000.0,
        "Interest Income": 130205000.0,
        "Normalized Income": -8803000.0,
        "Net Income From Continuing And Discontinued Operation": -8803000.0,
        "Diluted Average Shares": 5740835.0,
        "Basic Average Shares": 5740835.0,
        "Diluted EPS": -1.49,
        "Basic EPS": -1.49,
        "Diluted NI Availto Com Stockholders": -8803000.0,
        "Net Income Common Stockholders": -8803000.0,
        "Net Income": -8803000.0,
        "Net Income Including Noncontrolling Interests": -8803000.0,
        "Net Income Continuous Operations": -8803000.0,
        "Tax Provision": -3449000.0,
        "Pretax Income": -12252000.0,
        "Depreciation Amortization Depletion Income Statement": 1132000.0,
        "Depreciation And Amortization In Income Statement": 1132000.0,
        "Amortization": 1132000.0,
        "Amortization Of Intangibles Income Statement": 1132000.0,
        "Selling General And Administration": 58483000.0,
        "Selling And Marketing Expense": 2208000.0,
        "General And Administrative Expense": 56275000.0,
        "Other Gand A": 11097000.0,
        "Salaries And Wages": 45178000.0,
        "Total Revenue": 146420000.0,
        "Operating Revenue": 146420000.0
    },
    "2022-03-31": {
        "Diluted EPS": 2.95,
        "Total Revenue": 169,
        "Gross Profit": 169,
        "Operating Income": 23,
        "EBIT": 44,
        "Net Income": 18
    },
    "2021-12-31": {
        "Diluted EPS": 1.14,
        "Total Revenue": 149,
        "Gross Profit": 149,
        "Operating Income": 8,
        "EBIT": 27,
        "Net Income": 7
    },
    "2021-09-30": {
        "Diluted EPS": 1.94,
        "Total Revenue": 138,
        "Gross Profit": 138,
        "Operating Income": 14,
        "EBIT": 28,
        "Net Income": 12
    },
    "2021-06-30": {
        "Diluted EPS": 2.44,
        "Total Revenue": 130,
        "Gross Profit": 130,
        "Operating Income": 21,
        "EBIT": 35,
        "Net Income": 16
    },
    "2021-03-31": {
        "Diluted EPS": 6.78,
        "Total Revenue": 149,
        "Gross Profit": 149,
        "Operating Income": 56,
        "EBIT": 82,
        "Net Income": 45
    },
    "2020-12-31": {
        "Diluted EPS": 2.25,
        "Total Revenue": 131,
        "Gross Profit": 131,
        "Operating Income": 17,
        "EBIT": 30,
        "Net Income": 14
    },
    "2020-09-30": {
        "Diluted EPS": 1.96,
        "Total Revenue": 124,
        "Gross Profit": 124,
        "Operating Income": 17,
        "EBIT": 27,
        "Net Income": 13
    },
    "2020-06-30": {
        "Diluted EPS": 2.24,
        "Total Revenue": 124,
        "Gross Profit": 124,
        "Operating Income": 21,
        "EBIT": 30,
        "Net Income": 16
    },
    "2020-03-31": {
        "Diluted EPS": 3.13,
        "Total Revenue": 163,
        "Gross Profit": 163,
        "Operating Income": 26,
        "EBIT": 61,
        "Net Income": 23
    },
    "2019-12-31": {
        "Diluted EPS": -0.87,
        "Total Revenue": 147,
        "Gross Profit": 147,
        "Operating Income": -6,
        "EBIT": 5,
        "Net Income": -6
    },
    "2019-09-30": {
        "Diluted EPS": 0.31,
        "Total Revenue": 142,
        "Gross Profit": 142,
        "Operating Income": 4,
        "EBIT": 13,
        "Net Income": 3
    },
    "2019-06-30": {
        "Diluted EPS": 0.97,
        "Total Revenue": 138,
        "Gross Profit": 138,
        "Operating Income": 11,
        "EBIT": 18,
        "Net Income": 9
    },
    "2019-03-31": {
        "Diluted EPS": 4.14,
        "Total Revenue": 157,
        "Gross Profit": 157,
        "Operating Income": 45,
        "EBIT": 52,
        "Net Income": 38
    },
    "2018-12-31": {
        "Diluted EPS": 0.67,
        "Total Revenue": 138,
        "Gross Profit": 138,
        "Operating Income": 7,
        "EBIT": 14,
        "Net Income": 6
    },
    "2018-09-30": {
        "Diluted EPS": 1.56,
        "Total Revenue": 127,
        "Gross Profit": 127,
        "Operating Income": 18,
        "EBIT": 24,
        "Net Income": 15
    },
    "2018-06-30": {
        "Diluted EPS": -2.32,
        "Total Revenue": 123,
        "Gross Profit": 123,
        "Operating Income": 20,
        "EBIT": 27,
        "Net Income": -22
    },
    "2018-03-31": {
        "Diluted EPS": 3.22,
        "Total Revenue": 141,
        "Gross Profit": 141,
        "Operating Income": 44,
        "EBIT": 52,
        "Net Income": 29
    },
    "2017-12-31": {
        "Diluted EPS": 0.19,
        "Total Revenue": 126,
        "Gross Profit": 126,
        "Operating Income": 15,
        "EBIT": 23,
        "Net Income": 2
    },
    "2017-09-30": {
        "Diluted EPS": 1.1,
        "Total Revenue": 119,
        "Gross Profit": 119,
        "Operating Income": 19,
        "EBIT": 26,
        "Net Income": 10
    },
    "2017-06-30": {
        "Diluted EPS": 1.48,
        "Total Revenue": 117,
        "Gross Profit": 117,
        "Operating Income": 18,
        "EBIT": 25,
        "Net Income": 13
    },
    "2017-03-31": {
        "Diluted EPS": 3.63,
        "Total Revenue": 104,
        "Gross Profit": 104,
        "Operating Income": 41,
        "EBIT": 48,
        "Net Income": 32
    },
    "2016-12-31": {
        "Diluted EPS": 1.1,
        "Total Revenue": 131,
        "Gross Profit": 131,
        "Operating Income": 14,
        "EBIT": 22,
        "Net Income": 10
    },
    "2016-09-30": {
        "Diluted EPS": 1.76,
        "Total Revenue": 129,
        "Gross Profit": 129,
        "Operating Income": 24,
        "EBIT": 32,
        "Net Income": 15
    },
    "2016-06-30": {
        "Diluted EPS": 1.89,
        "Total Revenue": 127,
        "Gross Profit": 127,
        "Operating Income": 27,
        "EBIT": 35,
        "Net Income": 17
    },
    "2016-03-31": {
        "Diluted EPS": 3.42,
        "Total Revenue": 144,
        "Gross Profit": 144,
        "Operating Income": 46,
        "EBIT": 56,
        "Net Income": 30
    },
    "2015-12-31": {
        "Diluted EPS": 1.7,
        "Total Revenue": 140,
        "Gross Profit": 140,
        "Operating Income": 26,
        "EBIT": 35,
        "Net Income": 15
    },
    "2015-09-30": {
        "Diluted EPS": 2.22,
        "Total Revenue": 136,
        "Gross Profit": 136,
        "Operating Income": 28,
        "EBIT": 38,
        "Net Income": 19
    },
    "2015-06-30": {
        "Diluted EPS": 2.71,
        "Total Revenue": 137,
        "Gross Profit": 137,
        "Operating Income": 38,
        "EBIT": 45,
        "Net Income": 24
    },
    "2015-03-31": {
        "Diluted EPS": 5.27,
        "Total Revenue": 167,
        "Gross Profit": 167,
        "Operating Income": 77,
        "EBIT": 84,
        "Net Income": 49
    },
    "2014-12-31": {
        "Diluted EPS": 2.01,
        "Total Revenue": 149,
        "Gross Profit": 149,
        "Operating Income": 29,
        "EBIT": 37,
        "Net Income": 18
    },
    "2014-09-30": {
        "Diluted EPS": 2.3,
        "Total Revenue": 148,
        "Gross Profit": 148,
        "Operating Income": 34,
        "EBIT": 42,
        "Net Income": 21
    },
    "2014-06-30": {
        "Diluted EPS": 2.32,
        "Total Revenue": 146,
        "Gross Profit": 146,
        "Operating Income": 36,
        "EBIT": 44,
        "Net Income": 23
    },
    "2014-03-31": {
        "Diluted EPS": 3.72,
        "Total Revenue": 144,
        "Gross Profit": 144,
        "Operating Income": 63,
        "EBIT": 70,
        "Net Income": 39
    },
    "2013-12-31": {
        "Diluted EPS": 2.1,
        "Total Revenue": 160,
        "Gross Profit": 160,
        "Operating Income": 37,
        "EBIT": 44,
        "Net Income": 23
    },
    "2013-09-30": {
        "Diluted EPS": 1.91,
        "Total Revenue": 150,
        "Gross Profit": 150,
        "Operating Income": 35,
        "EBIT": 42,
        "Net Income": 22
    },
    "2013-06-30": {
        "Diluted EPS": 1.87,
        "Total Revenue": 145,
        "Gross Profit": 145,
        "Operating Income": 37,
        "EBIT": 43,
        "Net Income": 23
    },
    "2013-03-31": {
        "Diluted EPS": 3.07,
        "Total Revenue": 142,
        "Gross Profit": 142,
        "Operating Income": 60,
        "EBIT": 68,
        "Net Income": 38
    },
    "2012-12-31": {
        "Diluted EPS": 1.58,
        "Total Revenue": 150,
        "Gross Profit": 150,
        "Operating Income": 33,
        "EBIT": 39,
        "Net Income": 21
    },
    "2012-09-30": {
        "Diluted EPS": 1.72,
        "Total Revenue": 139,
        "Gross Profit": 139,
        "Operating Income": 37,
        "EBIT": 43,
        "Net Income": 23
    },
    "2012-06-30": {
        "Diluted EPS": 1.63,
        "Total Revenue": 133,
        "Gross Profit": 133,
        "Operating Income": 36,
        "EBIT": 42,
        "Net Income": 23
    },
    "2012-03-31": {
        "Diluted EPS": 2.5,
        "Total Revenue": 149,
        "Gross Profit": 149,
        "Operating Income": 61,
        "EBIT": 66,
        "Net Income": 38
    },
    "2011-12-31": {
        "Diluted EPS": 1.3,
        "Total Revenue": 136,
        "Gross Profit": 136,
        "Operating Income": 30,
        "EBIT": 36,
        "Net Income": 20
    },
    "2011-09-30": {
        "Diluted EPS": 1.52,
        "Total Revenue": 132,
        "Gross Profit": 132,
        "Operating Income": 37,
        "EBIT": 44,
        "Net Income": 23
    },
    "2011-06-30": {
        "Diluted EPS": 1.27,
        "Total Revenue": 123,
        "Gross Profit": 123,
        "Operating Income": 32,
        "EBIT": 39,
        "Net Income": 20
    },
    "2011-03-31": {
        "Diluted EPS": 2.11,
        "Total Revenue": 137,
        "Gross Profit": 137,
        "Operating Income": 54,
        "EBIT": 60,
        "Net Income": 34
    },
    "2010-12-31": {
        "Diluted EPS": 1.12,
        "Total Revenue": 126,
        "Gross Profit": 126,
        "Operating Income": 29,
        "EBIT": 36,
        "Net Income": 18
    },
    "2010-09-30": {
        "Diluted EPS": 1.26,
        "Total Revenue": 118,
        "Gross Profit": 118,
        "Operating Income": 31,
        "EBIT": 38,
        "Net Income": 20
    },
    "2010-06-30": {
        "Diluted EPS": 1.14,
        "Total Revenue": 110,
        "Gross Profit": 110,
        "Operating Income": 30,
        "EBIT": 36,
        "Net Income": 19
    },
    "2010-03-31": {
        "Diluted EPS": 1.77,
        "Total Revenue": 124,
        "Gross Profit": 124,
        "Operating Income": 49,
        "EBIT": 56,
        "Net Income": 30
    },
    "2009-12-31": {
        "Diluted EPS": 0.89,
        "Total Revenue": 112,
        "Gross Profit": 112,
        "Operating Income": 23,
        "EBIT": 30,
        "Net Income": 15
    },
    "2009-09-30": {
        "Diluted EPS": 0.89,
        "Total Revenue": 104,
        "Gross Profit": 104,
        "Operating Income": 24,
        "EBIT": 30,
        "Net Income": 15
    },
    "2009-06-30": {
        "Diluted EPS": 0.9,
        "Total Revenue": 100,
        "Gross Profit": 100,
        "Operating Income": 23,
        "EBIT": 30,
        "Net Income": 15
    },
    "2009-03-31": {
        "Diluted EPS": 1.61,
        "Total Revenue": 113,
        "Gross Profit": 113,
        "Operating Income": 43,
        "EBIT": 50,
        "Net Income": 26
    },
    "2023-09-30": {
        "Tax Effect Of Unusual Items": 0.0,
        "Tax Rate For Calcs": 0.231,
        "Net Income From Continuing Operation Net Minority Interest": 16082419.0,
        "Reconciled Depreciation": 2718110.0,
        "Net Interest Income": 104409876.0,
        "Interest Expense": 12543238.0,
        "Interest Income": 116953114.0,
        "Normalized Income": 16082419.0,
        "Net Income From Continuing And Discontinued Operation": 16082419.0,
        "Diluted Average Shares": 6246818.0,
        "Basic Average Shares": 6246818.0,
        "Diluted EPS": 2.574591,
        "Basic EPS": 2.574591,
        "Diluted NI Availto Com Stockholders": 16082419.0,
        "Net Income Common Stockholders": 16082419.0,
        "Net Income": 16082419.0,
        "Net Income Including Noncontrolling Interests": 16082419.0,
        "Net Income Continuous Operations": 16082419.0,
        "Tax Provision": 4839086.0,
        "Pretax Income": 20921505.0,
        "Depreciation Amortization Depletion Income Statement": 1062563.0,
        "Depreciation And Amortization In Income Statement": 1062563.0,
        "Amortization": 1062563.0,
        "Amortization Of Intangibles Income Statement": 1062563.0,
        "Selling General And Administration": 49456443.0,
        "Selling And Marketing Expense": 2241707.0,
        "General And Administrative Expense": 47214736.0,
        "Other Gand A": 8777372.0,
        "Salaries And Wages": 38437364.0,
        "Total Revenue": 124332083.0,
        "Operating Revenue": 124332083.0,
        "Occupancy And Equipment": 12428506.0
    },
    "2023-12-31": {
        "Tax Effect Of Unusual Items": 0.0,
        "Tax Rate For Calcs": 0.146,
        "Net Income From Continuing Operation Net Minority Interest": 16664818.0,
        "Reconciled Depreciation": 2758033.0,
        "Net Interest Income": 106975181.0,
        "Interest Expense": 11689924.0,
        "Interest Income": 118665105.0,
        "Normalized Income": 16664818.0,
        "Net Income From Continuing And Discontinued Operation": 16664818.0,
        "Diluted Average Shares": 6073299.0,
        "Basic Average Shares": 6073299.0,
        "Diluted EPS": 2.743978,
        "Basic EPS": 2.743978,
        "Diluted NI Availto Com Stockholders": 16664818.0,
        "Net Income Common Stockholders": 16664818.0,
        "Net Income": 16664818.0,
        "Net Income Including Noncontrolling Interests": 16664818.0,
        "Net Income Continuous Operations": 16664818.0,
        "Tax Provision": 2853344.0,
        "Pretax Income": 19518162.0,
        "Depreciation Amortization Depletion Income Statement": 1050926.0,
        "Depreciation And Amortization In Income Statement": 1050926.0,
        "Amortization": 1050926.0,
        "Amortization Of Intangibles Income Statement": 1050926.0,
        "Selling General And Administration": 52768183.0,
        "Selling And Marketing Expense": 3721155.0,
        "General And Administrative Expense": 49047028.0,
        "Other Gand A": 9156841.0,
        "Salaries And Wages": 39890187.0,
        "Total Revenue": 126059463.0,
        "Operating Revenue": 126059463.0,
        "Occupancy And Equipment": 12090198.0
    },
    "2024-03-31": {
        "Tax Effect Of Unusual Items": 0.0,
        "Tax Rate For Calcs": 0.247878,
        "Net Income From Continuing Operation Net Minority Interest": 35059242.0,
        "Reconciled Depreciation": 2768429.0,
        "Net Interest Income": 104533852.0,
        "Interest Expense": 11756876.0,
        "Interest Income": 116290728.0,
        "Normalized Income": 35059242.0,
        "Net Income From Continuing And Discontinued Operation": 35059242.0,
        "Diluted Average Shares": 5754000.0,
        "Basic Average Shares": 5600000.0,
        "Diluted EPS": 6.09,
        "Basic EPS": 6.260357,
        "Diluted NI Availto Com Stockholders": 35059242.0,
        "Net Income Common Stockholders": 35059242.0,
        "Net Income": 35059242.0,
        "Net Income Including Noncontrolling Interests": 35059242.0,
        "Net Income Continuous Operations": 35059242.0,
        "Tax Provision": 11554501.0,
        "Pretax Income": 46613743.0,
        "Depreciation Amortization Depletion Income Statement": 1037041.0,
        "Depreciation And Amortization In Income Statement": 1037041.0,
        "Amortization": 1037041.0,
        "Amortization Of Intangibles Income Statement": 1037041.0,
        "Selling General And Administration": 57943339.0,
        "Selling And Marketing Expense": 1219716.0,
        "General And Administrative Expense": 56723623.0,
        "Other Gand A": 12389051.0,
        "Salaries And Wages": 44334572.0,
        "Total Revenue": 147508027.0,
        "Operating Revenue": 147508027.0,
        "Occupancy And Equipment": 12637756.0
    },
    "2024-06-30": {
        "Tax Effect Of Unusual Items": 0.0,
        "Tax Rate For Calcs": 0.230502,
        "Net Income From Continuing Operation Net Minority Interest": 9947427.0,
        "Reconciled Depreciation": 2648868.0,
        "Net Interest Income": 101392315.0,
        "Interest Expense": 9768771.0,
        "Interest Income": 111161086.0,
        "Normalized Income": 9947427.0,
        "Net Income From Continuing And Discontinued Operation": 9947427.0,
        "Diluted Average Shares": 5567818.0,
        "Basic Average Shares": 5480205.0,
        "Diluted EPS": 1.79,
        "Basic EPS": 1.82,
        "Diluted NI Availto Com Stockholders": 9947427.0,
        "Net Income Common Stockholders": 9947427.0,
        "Net Income": 9947427.0,
        "Net Income Including Noncontrolling Interests": 9947427.0,
        "Net Income Continuous Operations": 9947427.0,
        "Tax Provision": 2979737.0,
        "Pretax Income": 12927164.0,
        "Depreciation Amortization Depletion Income Statement": 1005750.0,
        "Depreciation And Amortization In Income Statement": 1005750.0,
        "Amortization": 1005750.0,
        "Amortization Of Intangibles Income Statement": 1005750.0,
        "Selling General And Administration": 48242799.0,
        "Selling And Marketing Expense": 1656279.0,
        "General And Administrative Expense": 46586520.0,
        "Other Gand A": 9610334.0,
        "Salaries And Wages": 36976186.0,
        "Total Revenue": 119758495.0,
        "Operating Revenue": 119758495.0,
        "Occupancy And Equipment": 12163775.0
    }
}