{
    "2023-06-30": {
        "Tax Effect Of Unusual Items": 140456.926756,
        "Tax Rate For Calcs": 0.168011,
        "Total Unusual Items": 836000.0,
        "Total Unusual Items Excluding Goodwill": 836000.0,
        "Net Income From Continuing Operation Net Minority Interest": 44880000.0,
        "Reconciled Depreciation": 2282000.0,
        "Net Interest Income": 121567000.0,
        "Interest Expense": 54488000.0,
        "Interest Income": 176055000.0,
        "Normalized Income": 44184456.926756,
        "Net Income From Continuing And Discontinued Operation": 44880000.0,
        "Diluted Average Shares": 59385847.0,
        "Basic Average Shares": 59263949.0,
        "Diluted EPS": 0.71,
        "Basic EPS": 0.71,
        "Diluted NI Availto Com Stockholders": 42349000.0,
        "Net Income Common Stockholders": 42349000.0,
        "Preferred Stock Dividends": 2531000.0,
        "Net Income": 44880000.0,
        "Net Income Including Noncontrolling Interests": 44880000.0,
        "Net Income Continuous Operations": 44880000.0,
        "Tax Provision": 9063000.0,
        "Pretax Income": 53943000.0,
        "Special Income Charges": -35000.0,
        "Restructuring And Mergern Acquisition": 35000.0,
        "Gain On Sale Of Security": 205000.0,
        "Depreciation Amortization Depletion Income Statement": 2282000.0,
        "Depreciation And Amortization In Income Statement": 2282000.0,
        "Amortization": 2282000.0,
        "Amortization Of Intangibles Income Statement": 2282000.0,
        "Selling General And Administration": 61616000.0,
        "Selling And Marketing Expense": 2763000.0,
        "General And Administrative Expense": 58853000.0,
        "Other Gand A": NaN,
        "Insurance And Claims": 2871000.0,
        "Salaries And Wages": 55982000.0,
        "Total Revenue": 151636000.0,
        "Operating Revenue": 151636000.0,
        "Occupancy And Equipment": 14955000.0,
        "Professional Expense And Contract Services Expense": 4107000.0,
        "Other Non Interest Expense": 11670000.0
    },
    "2023-03-31": {
        "Tax Effect Of Unusual Items": NaN,
        "Tax Rate For Calcs": NaN,
        "Total Unusual Items": NaN,
        "Total Unusual Items Excluding Goodwill": NaN,
        "Net Income From Continuing Operation Net Minority Interest": NaN,
        "Reconciled Depreciation": NaN,
        "Net Interest Income": NaN,
        "Interest Expense": NaN,
        "Interest Income": NaN,
        "Normalized Income": NaN,
        "Net Income From Continuing And Discontinued Operation": NaN,
        "Diluted Average Shares": NaN,
        "Basic Average Shares": NaN,
        "Diluted EPS": NaN,
        "Basic EPS": NaN,
        "Diluted NI Availto Com Stockholders": NaN,
        "Net Income Common Stockholders": NaN,
        "Preferred Stock Dividends": NaN,
        "Net Income": NaN,
        "Net Income Including Noncontrolling Interests": NaN,
        "Net Income Continuous Operations": NaN,
        "Tax Provision": NaN,
        "Pretax Income": NaN,
        "Special Income Charges": NaN,
        "Restructuring And Mergern Acquisition": NaN,
        "Gain On Sale Of Security": NaN,
        "Depreciation Amortization Depletion Income Statement": NaN,
        "Depreciation And Amortization In Income Statement": NaN,
        "Amortization": NaN,
        "Amortization Of Intangibles Income Statement": NaN,
        "Selling General And Administration": NaN,
        "Selling And Marketing Expense": NaN,
        "General And Administrative Expense": NaN,
        "Other Gand A": 1430000.0,
        "Insurance And Claims": NaN,
        "Salaries And Wages": NaN,
        "Total Revenue": NaN,
        "Operating Revenue": NaN,
        "Occupancy And Equipment": NaN,
        "Professional Expense And Contract Services Expense": NaN,
        "Other Non Interest Expense": NaN
    },
    "2022-12-31": {
        "Tax Effect Of Unusual Items": 99746.886024,
        "Tax Rate For Calcs": 0.185059,
        "Total Unusual Items": 539000.0,
        "Total Unusual Items Excluding Goodwill": 539000.0,
        "Net Income From Continuing Operation Net Minority Interest": 52210000.0,
        "Reconciled Depreciation": 2540000.0,
        "Net Interest Income": 129874000.0,
        "Interest Expense": 19044000.0,
        "Interest Income": 148918000.0,
        "Normalized Income": 51770746.886024,
        "Net Income From Continuing And Discontinued Operation": 52210000.0,
        "Diluted Average Shares": 59374204.0,
        "Basic Average Shares": 59188238.0,
        "Diluted EPS": 0.84,
        "Basic EPS": 0.84,
        "Diluted NI Availto Com Stockholders": 49679000.0,
        "Net Income Common Stockholders": 49679000.0,
        "Preferred Stock Dividends": 2531000.0,
        "Net Income": 52210000.0,
        "Net Income Including Noncontrolling Interests": 52210000.0,
        "Net Income Continuous Operations": 52210000.0,
        "Tax Provision": 11856000.0,
        "Pretax Income": 64066000.0,
        "Special Income Charges": -11000.0,
        "Restructuring And Mergern Acquisition": 11000.0,
        "Gain On Sale Of Security": -601000.0,
        "Depreciation Amortization Depletion Income Statement": 2540000.0,
        "Depreciation And Amortization In Income Statement": 2540000.0,
        "Amortization": 2540000.0,
        "Amortization Of Intangibles Income Statement": 2540000.0,
        "Selling General And Administration": 45854000.0,
        "Selling And Marketing Expense": 1789000.0,
        "General And Administrative Expense": 44065000.0,
        "Other Gand A": NaN,
        "Insurance And Claims": 2051000.0,
        "Salaries And Wages": 51804000.0,
        "Total Revenue": 156200000.0,
        "Operating Revenue": 156200000.0
    },
    "2022-09-30": {
        "Tax Effect Of Unusual Items": NaN,
        "Tax Rate For Calcs": NaN,
        "Total Unusual Items": NaN,
        "Total Unusual Items Excluding Goodwill": NaN,
        "Net Income From Continuing Operation Net Minority Interest": NaN,
        "Reconciled Depreciation": NaN,
        "Net Interest Income": NaN,
        "Interest Expense": NaN,
        "Interest Income": NaN,
        "Normalized Income": NaN,
        "Net Income From Continuing And Discontinued Operation": NaN,
        "Diluted Average Shares": NaN,
        "Basic Average Shares": NaN,
        "Diluted EPS": NaN,
        "Basic EPS": NaN,
        "Diluted NI Availto Com Stockholders": NaN,
        "Net Income Common Stockholders": NaN,
        "Preferred Stock Dividends": NaN,
        "Net Income": NaN,
        "Net Income Including Noncontrolling Interests": NaN,
        "Net Income Continuous Operations": NaN,
        "Tax Provision": NaN,
        "Pretax Income": NaN,
        "Special Income Charges": NaN,
        "Restructuring And Mergern Acquisition": NaN,
        "Gain On Sale Of Security": NaN,
        "Depreciation Amortization Depletion Income Statement": NaN,
        "Depreciation And Amortization In Income Statement": NaN,
        "Amortization": NaN,
        "Amortization Of Intangibles Income Statement": NaN,
        "Selling General And Administration": NaN,
        "Selling And Marketing Expense": NaN,
        "General And Administrative Expense": NaN,
        "Other Gand A": 3216000.0,
        "Insurance And Claims": NaN,
        "Salaries And Wages": NaN,
        "Total Revenue": NaN,
        "Operating Revenue": NaN
    },
    "2022-06-30": {
        "Tax Effect Of Unusual Items": -261999.0,
        "Tax Rate For Calcs": 0.1935,
        "Total Unusual Items": -1354000.0,
        "Total Unusual Items Excluding Goodwill": -1354000.0,
        "Net Income From Continuing Operation Net Minority Interest": 42748000.0,
        "Reconciled Depreciation": 2579000.0,
        "Net Interest Income": 112228000.0,
        "Interest Expense": 6219000.0,
        "Interest Income": 118447000.0,
        "Normalized Income": 43840001.0,
        "Net Income From Continuing And Discontinued Operation": 42748000.0,
        "Diluted Average Shares": 60185207.0,
        "Basic Average Shares": 60036103.0,
        "Diluted EPS": 0.67,
        "Basic EPS": 0.67,
        "Diluted NI Availto Com Stockholders": 40217000.0,
        "Net Income Common Stockholders": 40217000.0,
        "Preferred Stock Dividends": 2531000.0,
        "Net Income": 42748000.0,
        "Net Income Including Noncontrolling Interests": 42748000.0,
        "Net Income Continuous Operations": 42748000.0,
        "Tax Provision": 10256000.0,
        "Pretax Income": 53004000.0,
        "Special Income Charges": -52000.0,
        "Restructuring And Mergern Acquisition": 52000.0,
        "Gain On Sale Of Security": -1183000.0,
        "Depreciation Amortization Depletion Income Statement": 2579000.0,
        "Depreciation And Amortization In Income Statement": 2579000.0,
        "Amortization": 2579000.0,
        "Amortization Of Intangibles Income Statement": 2579000.0,
        "Selling General And Administration": 54621000.0,
        "Selling And Marketing Expense": 2749000.0,
        "General And Administrative Expense": 51872000.0,
        "Other Gand A": 3420000.0,
        "Insurance And Claims": 1937000.0,
        "Salaries And Wages": 49935000.0,
        "Total Revenue": 139211000.0,
        "Operating Revenue": 139211000.0
    },
    "2022-03-31": {
        "Diluted EPS": 0.68,
        "Total Revenue": 143,
        "Gross Profit": 138,
        "Operating Income": 56,
        "EBIT": NaN,
        "Net Income": 42
    },
    "2021-12-31": {
        "Diluted EPS": 0.83,
        "Total Revenue": 146,
        "Gross Profit": 141,
        "Operating Income": 66,
        "EBIT": NaN,
        "Net Income": 52
    },
    "2021-09-30": {
        "Diluted EPS": 0.64,
        "Total Revenue": 154,
        "Gross Profit": 148,
        "Operating Income": 60,
        "EBIT": NaN,
        "Net Income": 42
    },
    "2021-06-30": {
        "Diluted EPS": 1.01,
        "Total Revenue": 159,
        "Gross Profit": 152,
        "Operating Income": 90,
        "EBIT": NaN,
        "Net Income": 68
    },
    "2021-03-31": {
        "Diluted EPS": 1.05,
        "Total Revenue": 158,
        "Gross Profit": 150,
        "Operating Income": 92,
        "EBIT": NaN,
        "Net Income": 71
    },
    "2020-12-31": {
        "Diluted EPS": 0.74,
        "Total Revenue": 163,
        "Gross Profit": 152,
        "Operating Income": 65,
        "EBIT": NaN,
        "Net Income": 50
    },
    "2020-09-30": {
        "Diluted EPS": 0.61,
        "Total Revenue": 168,
        "Gross Profit": 155,
        "Operating Income": 53,
        "EBIT": NaN,
        "Net Income": 41
    },
    "2020-06-30": {
        "Diluted EPS": 0.07,
        "Total Revenue": 168,
        "Gross Profit": 152,
        "Operating Income": 5,
        "EBIT": NaN,
        "Net Income": 4
    },
    "2020-03-31": {
        "Diluted EPS": 0.35,
        "Total Revenue": 170,
        "Gross Profit": 148,
        "Operating Income": 32,
        "EBIT": NaN,
        "Net Income": 23
    },
    "2019-12-31": {
        "Diluted EPS": 0.59,
        "Total Revenue": 159,
        "Gross Profit": 138,
        "Operating Income": 55,
        "EBIT": NaN,
        "Net Income": 36
    },
    "2019-09-30": {
        "Diluted EPS": 0.68,
        "Total Revenue": 144,
        "Gross Profit": 123,
        "Operating Income": 47,
        "EBIT": NaN,
        "Net Income": 37
    },
    "2019-06-30": {
        "Diluted EPS": 0.82,
        "Total Revenue": 151,
        "Gross Profit": 130,
        "Operating Income": 55,
        "EBIT": NaN,
        "Net Income": 45
    },
    "2019-03-31": {
        "Diluted EPS": 0.74,
        "Total Revenue": 147,
        "Gross Profit": 126,
        "Operating Income": 52,
        "EBIT": NaN,
        "Net Income": 40
    },
    "2018-12-31": {
        "Diluted EPS": 0.81,
        "Total Revenue": 148,
        "Gross Profit": 128,
        "Operating Income": 56,
        "EBIT": NaN,
        "Net Income": 44
    },
    "2018-09-30": {
        "Diluted EPS": 0.64,
        "Total Revenue": 135,
        "Gross Profit": 116,
        "Operating Income": 50,
        "EBIT": NaN,
        "Net Income": 32
    },
    "2018-06-30": {
        "Diluted EPS": 0.71,
        "Total Revenue": 122,
        "Gross Profit": 106,
        "Operating Income": 46,
        "EBIT": NaN,
        "Net Income": 33
    },
    "2018-03-31": {
        "Diluted EPS": 0.76,
        "Total Revenue": 110,
        "Gross Profit": 97,
        "Operating Income": 41,
        "EBIT": NaN,
        "Net Income": 34
    },
    "2017-12-31": {
        "Diluted EPS": 0.35,
        "Total Revenue": 108,
        "Gross Profit": 96,
        "Operating Income": 39,
        "EBIT": NaN,
        "Net Income": 16
    },
    "2017-09-30": {
        "Diluted EPS": 0.6,
        "Total Revenue": 106,
        "Gross Profit": 95,
        "Operating Income": 37,
        "EBIT": NaN,
        "Net Income": 26
    },
    "2017-06-30": {
        "Diluted EPS": 0.6,
        "Total Revenue": 104,
        "Gross Profit": 94,
        "Operating Income": 36,
        "EBIT": NaN,
        "Net Income": 26
    },
    "2017-03-31": {
        "Diluted EPS": 0.59,
        "Total Revenue": 103,
        "Gross Profit": 94,
        "Operating Income": 37,
        "EBIT": NaN,
        "Net Income": 26
    },
    "2016-12-31": {
        "Diluted EPS": 0.54,
        "Total Revenue": 102,
        "Gross Profit": 93,
        "Operating Income": 35,
        "EBIT": NaN,
        "Net Income": 24
    },
    "2016-09-30": {
        "Diluted EPS": 0.44,
        "Total Revenue": 91,
        "Gross Profit": 83,
        "Operating Income": 33,
        "EBIT": NaN,
        "Net Income": 17
    },
    "2016-06-30": {
        "Diluted EPS": 0.58,
        "Total Revenue": 87,
        "Gross Profit": 79,
        "Operating Income": 31,
        "EBIT": NaN,
        "Net Income": 22
    },
    "2016-03-31": {
        "Diluted EPS": 0.6,
        "Total Revenue": 87,
        "Gross Profit": 79,
        "Operating Income": 32,
        "EBIT": NaN,
        "Net Income": 23
    },
    "2015-12-31": {
        "Diluted EPS": 0.61,
        "Total Revenue": 88,
        "Gross Profit": 81,
        "Operating Income": 31,
        "EBIT": NaN,
        "Net Income": 23
    },
    "2015-09-30": {
        "Diluted EPS": 0.58,
        "Total Revenue": 85,
        "Gross Profit": 79,
        "Operating Income": 30,
        "EBIT": NaN,
        "Net Income": 22
    },
    "2015-06-30": {
        "Diluted EPS": 0.56,
        "Total Revenue": 85,
        "Gross Profit": 79,
        "Operating Income": 31,
        "EBIT": NaN,
        "Net Income": 22
    },
    "2015-03-31": {
        "Diluted EPS": 0.4,
        "Total Revenue": 79,
        "Gross Profit": 73,
        "Operating Income": 28,
        "EBIT": NaN,
        "Net Income": 14
    },
    "2014-12-31": {
        "Diluted EPS": 0.57,
        "Total Revenue": 71,
        "Gross Profit": 66,
        "Operating Income": 23,
        "EBIT": NaN,
        "Net Income": 17
    },
    "2014-09-30": {
        "Diluted EPS": 0.62,
        "Total Revenue": 71,
        "Gross Profit": 65,
        "Operating Income": 25,
        "EBIT": NaN,
        "Net Income": 18
    },
    "2014-06-30": {
        "Diluted EPS": 0.64,
        "Total Revenue": 72,
        "Gross Profit": 67,
        "Operating Income": 25,
        "EBIT": NaN,
        "Net Income": 19
    },
    "2014-03-31": {
        "Diluted EPS": 0.56,
        "Total Revenue": 71,
        "Gross Profit": 64,
        "Operating Income": 22,
        "EBIT": NaN,
        "Net Income": 16
    },
    "2013-12-31": {
        "Diluted EPS": 0.52,
        "Total Revenue": 71,
        "Gross Profit": 64,
        "Operating Income": 20,
        "EBIT": NaN,
        "Net Income": 15
    },
    "2013-09-30": {
        "Diluted EPS": 0.53,
        "Total Revenue": 71,
        "Gross Profit": 63,
        "Operating Income": 20,
        "EBIT": NaN,
        "Net Income": 16
    },
    "2013-06-30": {
        "Diluted EPS": 0.58,
        "Total Revenue": 72,
        "Gross Profit": 64,
        "Operating Income": 23,
        "EBIT": NaN,
        "Net Income": 17
    },
    "2013-03-31": {
        "Diluted EPS": 0.55,
        "Total Revenue": 72,
        "Gross Profit": 64,
        "Operating Income": 22,
        "EBIT": NaN,
        "Net Income": 16
    },
    "2012-12-31": {
        "Diluted EPS": 0.46,
        "Total Revenue": 71,
        "Gross Profit": 61,
        "Operating Income": 18,
        "EBIT": NaN,
        "Net Income": 13
    },
    "2012-09-30": {
        "Diluted EPS": 0.48,
        "Total Revenue": 68,
        "Gross Profit": 58,
        "Operating Income": 18,
        "EBIT": NaN,
        "Net Income": 13
    },
    "2012-06-30": {
        "Diluted EPS": 0.45,
        "Total Revenue": 68,
        "Gross Profit": 57,
        "Operating Income": 15,
        "EBIT": NaN,
        "Net Income": 12
    },
    "2012-03-31": {
        "Diluted EPS": 0.45,
        "Total Revenue": 69,
        "Gross Profit": 57,
        "Operating Income": 15,
        "EBIT": NaN,
        "Net Income": 12
    },
    "2011-12-31": {
        "Diluted EPS": 0.4,
        "Total Revenue": 71,
        "Gross Profit": 58,
        "Operating Income": 13,
        "EBIT": NaN,
        "Net Income": 11
    },
    "2011-09-30": {
        "Diluted EPS": 0.41,
        "Total Revenue": 71,
        "Gross Profit": 58,
        "Operating Income": 13,
        "EBIT": NaN,
        "Net Income": 11
    },
    "2011-06-30": {
        "Diluted EPS": 0.45,
        "Total Revenue": 72,
        "Gross Profit": 58,
        "Operating Income": 16,
        "EBIT": NaN,
        "Net Income": 12
    },
    "2011-03-31": {
        "Diluted EPS": 0.39,
        "Total Revenue": 71,
        "Gross Profit": 56,
        "Operating Income": 12,
        "EBIT": NaN,
        "Net Income": 10
    },
    "2010-12-31": {
        "Diluted EPS": 0.39,
        "Total Revenue": 73,
        "Gross Profit": 57,
        "Operating Income": 12,
        "EBIT": NaN,
        "Net Income": 10
    },
    "2010-09-30": {
        "Diluted EPS": 0.34,
        "Total Revenue": 74,
        "Gross Profit": 57,
        "Operating Income": 10,
        "EBIT": NaN,
        "Net Income": 9
    },
    "2010-06-30": {
        "Diluted EPS": 0.31,
        "Total Revenue": 74,
        "Gross Profit": 56,
        "Operating Income": 9,
        "EBIT": NaN,
        "Net Income": 8
    },
    "2010-03-31": {
        "Diluted EPS": 0.3,
        "Total Revenue": 76,
        "Gross Profit": 56,
        "Operating Income": 9,
        "EBIT": NaN,
        "Net Income": 8
    },
    "2009-12-31": {
        "Diluted EPS": 0.26,
        "Total Revenue": 80,
        "Gross Profit": 58,
        "Operating Income": 5,
        "EBIT": NaN,
        "Net Income": 7
    },
    "2009-09-30": {
        "Diluted EPS": 0.09,
        "Total Revenue": 84,
        "Gross Profit": 59,
        "Operating Income": 5,
        "EBIT": NaN,
        "Net Income": 2
    },
    "2009-06-30": {
        "Diluted EPS": 0.18,
        "Total Revenue": 82,
        "Gross Profit": 56,
        "Operating Income": 6,
        "EBIT": NaN,
        "Net Income": 5
    },
    "2009-03-31": {
        "Diluted EPS": 0.17,
        "Total Revenue": 76,
        "Gross Profit": 51,
        "Operating Income": 7,
        "EBIT": NaN,
        "Net Income": 4
    },
    "2023-09-30": {
        "Tax Effect Of Unusual Items": -112564.781578,
        "Tax Rate For Calcs": 0.168258,
        "Total Unusual Items": -669000.0,
        "Total Unusual Items Excluding Goodwill": -669000.0,
        "Net Income From Continuing Operation Net Minority Interest": 36842000.0,
        "Reconciled Depreciation": 2262000.0,
        "Net Interest Income": 117682000.0,
        "Interest Expense": 65907000.0,
        "Interest Income": 183589000.0,
        "Normalized Income": 37398435.218422,
        "Net Income From Continuing And Discontinued Operation": 36842000.0,
        "Diluted Average Shares": 59443366.0,
        "Basic Average Shares": 59358653.0,
        "Diluted EPS": 0.58,
        "Basic EPS": 0.58,
        "Diluted NI Availto Com Stockholders": 34311000.0,
        "Net Income Common Stockholders": 34311000.0,
        "Preferred Stock Dividends": 2531000.0,
        "Net Income": 36842000.0,
        "Net Income Including Noncontrolling Interests": 36842000.0,
        "Net Income Continuous Operations": 36842000.0,
        "Tax Provision": 7453000.0,
        "Pretax Income": 44295000.0,
        "Special Income Charges": -641000.0,
        "Restructuring And Mergern Acquisition": 641000.0,
        "Gain On Sale Of Security": -337000.0,
        "Depreciation Amortization Depletion Income Statement": 2262000.0,
        "Depreciation And Amortization In Income Statement": 2262000.0,
        "Amortization": 2262000.0,
        "Amortization Of Intangibles Income Statement": 2262000.0,
        "Selling General And Administration": 63513000.0,
        "Selling And Marketing Expense": 3115000.0,
        "General And Administrative Expense": 60398000.0,
        "Other Gand A": NaN,
        "Insurance And Claims": 3125000.0,
        "Salaries And Wages": 57273000.0,
        "Total Revenue": 146817000.0,
        "Operating Revenue": 146817000.0,
        "Occupancy And Equipment": 15278000.0,
        "Professional Expense And Contract Services Expense": 4072000.0,
        "Other Non Interest Expense": 10429000.0
    },
    "2023-12-31": {
        "Tax Effect Of Unusual Items": 87503.27383,
        "Tax Rate For Calcs": 0.196637,
        "Total Unusual Items": 445000.0,
        "Total Unusual Items Excluding Goodwill": 445000.0,
        "Net Income From Continuing Operation Net Minority Interest": 34968000.0,
        "Reconciled Depreciation": 2243000.0,
        "Net Interest Income": 117758000.0,
        "Interest Expense": 73560000.0,
        "Interest Income": 191318000.0,
        "Normalized Income": 34610503.27383,
        "Net Income From Continuing And Discontinued Operation": 34968000.0,
        "Diluted Average Shares": 59479031.0,
        "Basic Average Shares": 59370171.0,
        "Diluted EPS": 0.55,
        "Basic EPS": 0.55,
        "Diluted NI Availto Com Stockholders": 32437000.0,
        "Net Income Common Stockholders": 32437000.0,
        "Preferred Stock Dividends": 2531000.0,
        "Net Income": 34968000.0,
        "Net Income Including Noncontrolling Interests": 34968000.0,
        "Net Income Continuous Operations": 34968000.0,
        "Tax Provision": 8559000.0,
        "Pretax Income": 43527000.0,
        "Special Income Charges": 0.0,
        "Restructuring And Mergern Acquisition": 0.0,
        "Gain On Sale Of Security": 887000.0,
        "Depreciation Amortization Depletion Income Statement": 2243000.0,
        "Depreciation And Amortization In Income Statement": 2243000.0,
        "Amortization": 2243000.0,
        "Amortization Of Intangibles Income Statement": 2243000.0,
        "Selling General And Administration": 62917000.0,
        "Selling And Marketing Expense": 2975000.0,
        "General And Administrative Expense": 59942000.0,
        "Other Gand A": NaN,
        "Insurance And Claims": 3369000.0,
        "Salaries And Wages": 56573000.0,
        "Total Revenue": 145885000.0,
        "Operating Revenue": 145885000.0,
        "Occupancy And Equipment": 16065000.0,
        "Professional Expense And Contract Services Expense": 4386000.0,
        "Other Non Interest Expense": 11945000.0
    },
    "2024-03-31": {
        "Tax Effect Of Unusual Items": 27258.0,
        "Tax Rate For Calcs": 0.177,
        "Total Unusual Items": 154000.0,
        "Total Unusual Items Excluding Goodwill": 154000.0,
        "Net Income From Continuing Operation Net Minority Interest": 35693000.0,
        "Reconciled Depreciation": 2092000.0,
        "Net Interest Income": 113966000.0,
        "Interest Expense": 81367000.0,
        "Interest Income": 195333000.0,
        "Normalized Income": 35566258.0,
        "Net Income From Continuing And Discontinued Operation": 35693000.0,
        "Diluted Average Shares": 59523679.0,
        "Basic Average Shares": 59382758.0,
        "Diluted EPS": 0.56,
        "Basic EPS": 0.56,
        "Diluted NI Availto Com Stockholders": 33162000.0,
        "Net Income Common Stockholders": 33162000.0,
        "Preferred Stock Dividends": 2531000.0,
        "Net Income": 35693000.0,
        "Net Income Including Noncontrolling Interests": 35693000.0,
        "Net Income Continuous Operations": 35693000.0,
        "Tax Provision": 7697000.0,
        "Pretax Income": 43390000.0,
        "Special Income Charges": 0.0,
        "Restructuring And Mergern Acquisition": 0.0,
        "Gain On Sale Of Security": 537000.0,
        "Depreciation Amortization Depletion Income Statement": 2092000.0,
        "Depreciation And Amortization In Income Statement": 2092000.0,
        "Amortization": 2092000.0,
        "Amortization Of Intangibles Income Statement": 2092000.0,
        "Selling General And Administration": 60514000.0,
        "Selling And Marketing Expense": 1885000.0,
        "General And Administrative Expense": 58629000.0,
        "Other Gand A": NaN,
        "Insurance And Claims": 3448000.0,
        "Salaries And Wages": 55181000.0,
        "Total Revenue": 143060000.0,
        "Operating Revenue": 143060000.0,
        "Occupancy And Equipment": 16631000.0,
        "Professional Expense And Contract Services Expense": 5002000.0,
        "Other Non Interest Expense": 11417000.0
    },
    "2024-06-30": {
        "Tax Effect Of Unusual Items": -651965.072112,
        "Tax Rate For Calcs": 0.174182,
        "Total Unusual Items": -3743000.0,
        "Total Unusual Items Excluding Goodwill": -3743000.0,
        "Net Income From Continuing Operation Net Minority Interest": 28916000.0,
        "Reconciled Depreciation": 2072000.0,
        "Net Interest Income": 116593000.0,
        "Interest Expense": 86400000.0,
        "Interest Income": 202993000.0,
        "Normalized Income": 32007034.927888,
        "Net Income From Continuing And Discontinued Operation": 28916000.0,
        "Diluted Average Shares": 59656429.0,
        "Basic Average Shares": 59521872.0,
        "Diluted EPS": 0.44,
        "Basic EPS": 0.44,
        "Diluted NI Availto Com Stockholders": 26385000.0,
        "Net Income Common Stockholders": 26385000.0,
        "Preferred Stock Dividends": 2531000.0,
        "Net Income": 28916000.0,
        "Net Income Including Noncontrolling Interests": 28916000.0,
        "Net Income Continuous Operations": 28916000.0,
        "Tax Provision": 6099000.0,
        "Pretax Income": 35015000.0,
        "Special Income Charges": -3777000.0,
        "Restructuring And Mergern Acquisition": 3777000.0,
        "Gain On Sale Of Security": 135000.0,
        "Depreciation Amortization Depletion Income Statement": 2072000.0,
        "Depreciation And Amortization In Income Statement": 2072000.0,
        "Amortization": 2072000.0,
        "Amortization Of Intangibles Income Statement": 2072000.0,
        "Selling General And Administration": 60464000.0,
        "Selling And Marketing Expense": 2371000.0,
        "General And Administrative Expense": 58093000.0,
        "Other Gand A": NaN,
        "Insurance And Claims": 3523000.0,
        "Salaries And Wages": 54570000.0,
        "Total Revenue": 146466000.0,
        "Operating Revenue": 146466000.0,
        "Occupancy And Equipment": 16766000.0,
        "Professional Expense And Contract Services Expense": 4592000.0,
        "Other Non Interest Expense": 13239000.0
    },
    "2024-09-30": {
        "Tax Effect Of Unusual Items": -371255.35479,
        "Tax Rate For Calcs": 0.167534,
        "Total Unusual Items": -2216000.0,
        "Total Unusual Items Excluding Goodwill": -2216000.0,
        "Net Income From Continuing Operation Net Minority Interest": 37272000.0,
        "Reconciled Depreciation": 2053000.0,
        "Net Interest Income": 121142000.0,
        "Interest Expense": 92587000.0,
        "Interest Income": 213729000.0,
        "Normalized Income": 39116744.64521,
        "Net Income From Continuing And Discontinued Operation": 37272000.0,
        "Diluted Average Shares": 64634208.0,
        "Basic Average Shares": 64488962.0,
        "Diluted EPS": 0.54,
        "Basic EPS": 0.54,
        "Diluted NI Availto Com Stockholders": 34741000.0,
        "Net Income Common Stockholders": 34741000.0,
        "Preferred Stock Dividends": 2531000.0,
        "Net Income": 37272000.0,
        "Net Income Including Noncontrolling Interests": 37272000.0,
        "Net Income Continuous Operations": 37272000.0,
        "Tax Provision": 7501000.0,
        "Pretax Income": 44773000.0,
        "Special Income Charges": -1977000.0,
        "Restructuring And Mergern Acquisition": 1977000.0,
        "Gain On Sale Of Security": 675000.0,
        "Depreciation Amortization Depletion Income Statement": 2053000.0,
        "Depreciation And Amortization In Income Statement": 2053000.0,
        "Amortization": 2053000.0,
        "Amortization Of Intangibles Income Statement": 2053000.0,
        "Selling General And Administration": 62993000.0,
        "Selling And Marketing Expense": 2977000.0,
        "General And Administrative Expense": 60016000.0,
        "Other Gand A": NaN,
        "Insurance And Claims": 3604000.0,
        "Salaries And Wages": 56412000.0,
        "Total Revenue": 149223000.0,
        "Operating Revenue": 149223000.0,
        "Occupancy And Equipment": 16383000.0,
        "Professional Expense And Contract Services Expense": 4686000.0,
        "Other Non Interest Expense": 11560000.0
    }
}