{
    "2023-03-31": {
        "Tax Effect Of Unusual Items": -1942072.747024,
        "Tax Rate For Calcs": 0.285725,
        "Normalized EBITDA": 234773000.0,
        "Total Unusual Items": -6797000.0,
        "Total Unusual Items Excluding Goodwill": -6797000.0,
        "Net Income From Continuing Operation Net Minority Interest": 76271000.0,
        "Reconciled Depreciation": 76329000.0,
        "Reconciled Cost Of Revenue": 183184000.0,
        "EBITDA": 227976000.0,
        "EBIT": 151647000.0,
        "Net Interest Income": -44866000.0,
        "Interest Expense": 44866000.0,
        "Normalized Income": 81125927.252976,
        "Net Income From Continuing And Discontinued Operation": 210884000.0,
        "Total Expenses": 407024000.0,
        "Total Operating Income As Reported": 151647000.0,
        "Diluted Average Shares": 209663985.0,
        "Basic Average Shares": 206092169.0,
        "Diluted EPS": 1.0,
        "Basic EPS": 1.02,
        "Diluted NI Availto Com Stockholders": 210884000.0,
        "Net Income Common Stockholders": 210884000.0,
        "Net Income": 210884000.0,
        "Net Income Including Noncontrolling Interests": 210884000.0,
        "Net Income Discontinuous Operations": 134613000.0,
        "Net Income Continuous Operations": 76271000.0,
        "Tax Provision": 30510000.0,
        "Pretax Income": 106781000.0,
        "Other Income Expense": -6797000.0,
        "Special Income Charges": -22000.0,
        "Impairment Of Capital Assets": 22000.0,
        "Gain On Sale Of Security": -6775000.0,
        "Net Non Operating Interest Income Expense": -44866000.0,
        "Interest Expense Non Operating": 44866000.0,
        "Operating Income": 158444000.0,
        "Operating Expense": 164684000.0,
        "Other Operating Expenses": -3359000.0,
        "Depreciation Amortization Depletion Income Statement": 17173000.0,
        "Depreciation And Amortization In Income Statement": 17173000.0,
        "Selling General And Administration": 150870000.0,
        "Gross Profit": 323128000.0,
        "Cost Of Revenue": 242340000.0,
        "Total Revenue": 565468000.0,
        "Operating Revenue": 565468000.0
    },
    "2022-12-31": {
        "Tax Effect Of Unusual Items": -147094.529192,
        "Tax Rate For Calcs": 0.221528,
        "Normalized EBITDA": 228654000.0,
        "Total Unusual Items": -664000.0,
        "Total Unusual Items Excluding Goodwill": -664000.0,
        "Net Income From Continuing Operation Net Minority Interest": 76242000.0,
        "Reconciled Depreciation": 86136000.0,
        "Reconciled Cost Of Revenue": 158766000.0,
        "EBITDA": 227990000.0,
        "EBIT": 141854000.0,
        "Net Interest Income": -43916000.0,
        "Interest Expense": 43916000.0,
        "Normalized Income": 76758905.470808,
        "Net Income From Continuing And Discontinued Operation": 86400000.0,
        "Total Expenses": 367766000.0,
        "Total Operating Income As Reported": 141854000.0,
        "Diluted Average Shares": 213872403.0,
        "Basic Average Shares": 209373239.0,
        "Diluted EPS": 0.4,
        "Basic EPS": 0.41,
        "Diluted NI Availto Com Stockholders": 86400000.0,
        "Net Income Common Stockholders": 86400000.0,
        "Net Income": 86400000.0,
        "Net Income Including Noncontrolling Interests": 86400000.0,
        "Net Income Discontinuous Operations": 10158000.0,
        "Net Income Continuous Operations": 76242000.0,
        "Tax Provision": 21696000.0,
        "Pretax Income": 97938000.0,
        "Other Income Expense": -664000.0,
        "Special Income Charges": -25000.0,
        "Impairment Of Capital Assets": 0.0,
        "Restructuring And Mergern Acquisition": 25000.0,
        "Gain On Sale Of Security": -639000.0,
        "Net Non Operating Interest Income Expense": -43916000.0,
        "Interest Expense Non Operating": 43916000.0,
        "Operating Income": 142518000.0,
        "Operating Expense": 134349000.0,
        "Other Operating Expenses": 969000.0,
        "Depreciation Amortization Depletion Income Statement": 11485000.0,
        "Depreciation And Amortization In Income Statement": 11485000.0,
        "Selling General And Administration": 121895000.0,
        "Gross Profit": 276867000.0,
        "Cost Of Revenue": 233417000.0,
        "Total Revenue": 510284000.0,
        "Operating Revenue": 510284000.0
    },
    "2022-09-30": {
        "Tax Effect Of Unusual Items": -61508.137339,
        "Tax Rate For Calcs": 0.260628,
        "Normalized EBITDA": 171414000.0,
        "Total Unusual Items": -236000.0,
        "Total Unusual Items Excluding Goodwill": -236000.0,
        "Net Income From Continuing Operation Net Minority Interest": 85728000.0,
        "Reconciled Depreciation": 17066000.0,
        "Reconciled Cost Of Revenue": 289841000.0,
        "EBITDA": 171178000.0,
        "EBIT": 154112000.0,
        "Net Interest Income": -38165000.0,
        "Interest Expense": 38165000.0,
        "Normalized Income": 85902491.862661,
        "Net Income From Continuing And Discontinued Operation": 85728000.0,
        "Total Expenses": 449825000.0,
        "Total Operating Income As Reported": 154112000.0,
        "Diluted Average Shares": 217927725.0,
        "Basic Average Shares": 213636876.0,
        "Diluted EPS": 0.59,
        "Basic EPS": 0.6,
        "Diluted NI Availto Com Stockholders": 85728000.0,
        "Net Income Common Stockholders": 85728000.0,
        "Net Income": 85728000.0,
        "Net Income Including Noncontrolling Interests": 85728000.0,
        "Net Income Discontinuous Operations": 42865000.0,
        "Net Income Continuous Operations": 85728000.0,
        "Tax Provision": 30219000.0,
        "Pretax Income": 115947000.0,
        "Other Income Expense": -236000.0,
        "Special Income Charges": 0.0,
        "Impairment Of Capital Assets": 0.0,
        "Restructuring And Mergern Acquisition": 0.0,
        "Gain On Sale Of Security": -236000.0,
        "Net Non Operating Interest Income Expense": -38165000.0,
        "Interest Expense Non Operating": 38165000.0,
        "Operating Income": 154348000.0,
        "Operating Expense": 159984000.0,
        "Other Operating Expenses": -2526000.0,
        "Depreciation Amortization Depletion Income Statement": 17066000.0,
        "Depreciation And Amortization In Income Statement": 17066000.0,
        "Selling General And Administration": 145444000.0,
        "Gross Profit": 314332000.0,
        "Cost Of Revenue": 289841000.0,
        "Total Revenue": 604173000.0,
        "Operating Revenue": 604173000.0
    },
    "2022-06-30": {
        "Tax Effect Of Unusual Items": 55928.328932,
        "Tax Rate For Calcs": 0.251929,
        "Normalized EBITDA": 150493000.0,
        "Total Unusual Items": 222000.0,
        "Total Unusual Items Excluding Goodwill": 222000.0,
        "Net Income From Continuing Operation Net Minority Interest": 73376000.0,
        "Reconciled Depreciation": 19054000.0,
        "Reconciled Cost Of Revenue": 272769000.0,
        "EBITDA": 150715000.0,
        "EBIT": 131661000.0,
        "Net Interest Income": -33574000.0,
        "Interest Expense": 33574000.0,
        "Normalized Income": 73209928.328932,
        "Net Income From Continuing And Discontinued Operation": 73376000.0,
        "Total Expenses": 450203000.0,
        "Total Operating Income As Reported": 131661000.0,
        "Diluted Average Shares": 227484012.0,
        "Basic Average Shares": 223376276.0,
        "Diluted EPS": 0.32,
        "Basic EPS": 0.33,
        "Diluted NI Availto Com Stockholders": 73376000.0,
        "Average Dilution Earnings": 0.0,
        "Net Income Common Stockholders": 73376000.0,
        "Net Income": 73376000.0,
        "Net Income Including Noncontrolling Interests": 73376000.0,
        "Net Income Discontinuous Operations": NaN,
        "Net Income Continuous Operations": 73376000.0,
        "Tax Provision": 24711000.0,
        "Pretax Income": 98087000.0,
        "Other Income Expense": 222000.0,
        "Special Income Charges": 95000.0,
        "Impairment Of Capital Assets": -9000.0,
        "Restructuring And Mergern Acquisition": -86000.0,
        "Gain On Sale Of Security": 127000.0,
        "Net Non Operating Interest Income Expense": -33574000.0,
        "Interest Expense Non Operating": 33574000.0,
        "Operating Income": 131439000.0,
        "Operating Expense": 177434000.0,
        "Other Operating Expenses": -3784000.0,
        "Depreciation Amortization Depletion Income Statement": 19054000.0,
        "Depreciation And Amortization In Income Statement": 19054000.0,
        "Selling General And Administration": 162164000.0,
        "Gross Profit": 308873000.0,
        "Cost Of Revenue": 272769000.0,
        "Total Revenue": 581642000.0,
        "Operating Revenue": 581642000.0
    },
    "2023-06-30": {
        "Tax Effect Of Unusual Items": -3710.0,
        "Tax Rate For Calcs": 0.265,
        "Normalized EBITDA": 248350000.0,
        "Total Unusual Items": -14000.0,
        "Total Unusual Items Excluding Goodwill": -14000.0,
        "Net Income From Continuing Operation Net Minority Interest": 87729000.0,
        "Reconciled Depreciation": 81796000.0,
        "Reconciled Cost Of Revenue": 189767000.0,
        "EBITDA": 248336000.0,
        "EBIT": 166540000.0,
        "Net Interest Income": -47246000.0,
        "Interest Expense": 47246000.0,
        "Normalized Income": 87739290.0,
        "Net Income From Continuing And Discontinued Operation": 87729000.0,
        "Total Expenses": 415535000.0,
        "Total Operating Income As Reported": 166540000.0,
        "Diluted Average Shares": 204326162.0,
        "Basic Average Shares": 200946619.0,
        "Diluted EPS": 0.43,
        "Basic EPS": 0.44,
        "Diluted NI Availto Com Stockholders": 87729000.0,
        "Net Income Common Stockholders": 87729000.0,
        "Net Income": 87729000.0,
        "Net Income Including Noncontrolling Interests": 87729000.0,
        "Net Income Discontinuous Operations": 0.0,
        "Net Income Continuous Operations": 87729000.0,
        "Tax Provision": 31565000.0,
        "Pretax Income": 119294000.0,
        "Other Income Expense": -14000.0,
        "Special Income Charges": NaN,
        "Impairment Of Capital Assets": NaN,
        "Gain On Sale Of Security": -14000.0,
        "Net Non Operating Interest Income Expense": -47246000.0,
        "Interest Expense Non Operating": 47246000.0,
        "Operating Income": 166554000.0,
        "Operating Expense": 161318000.0,
        "Other Operating Expenses": -2838000.0,
        "Depreciation Amortization Depletion Income Statement": 17346000.0,
        "Depreciation And Amortization In Income Statement": 17346000.0,
        "Selling General And Administration": 146810000.0,
        "Gross Profit": 327872000.0,
        "Cost Of Revenue": 254217000.0,
        "Total Revenue": 582089000.0,
        "Operating Revenue": 582089000.0
    },
    "2022-03-31": {
        "Diluted EPS": 0.22,
        "Total Revenue": 451,
        "Gross Profit": 292,
        "Operating Income": 82,
        "EBIT": 167,
        "Net Income": 51
    },
    "2021-12-31": {
        "Diluted EPS": 0.33,
        "Total Revenue": 326,
        "Gross Profit": 216,
        "Operating Income": 63,
        "EBIT": 149,
        "Net Income": 74
    },
    "2021-09-30": {
        "Diluted EPS": 0.26,
        "Total Revenue": 461,
        "Gross Profit": 292,
        "Operating Income": 91,
        "EBIT": 170,
        "Net Income": 61
    },
    "2021-06-30": {
        "Diluted EPS": 0.08,
        "Total Revenue": 461,
        "Gross Profit": 286,
        "Operating Income": 71,
        "EBIT": 160,
        "Net Income": 20
    },
    "2021-03-31": {
        "Diluted EPS": 0.02,
        "Total Revenue": 425,
        "Gross Profit": 269,
        "Operating Income": 75,
        "EBIT": 154,
        "Net Income": 4
    },
    "2020-12-31": {
        "Diluted EPS": 0.47,
        "Total Revenue": 343,
        "Gross Profit": 229,
        "Operating Income": 70,
        "EBIT": 149,
        "Net Income": 4
    },
    "2020-09-30": {
        "Diluted EPS": -0.03,
        "Total Revenue": 417,
        "Gross Profit": 264,
        "Operating Income": 25,
        "EBIT": 101,
        "Net Income": -6
    },
    "2020-06-30": {
        "Diluted EPS": -0.14,
        "Total Revenue": 257,
        "Gross Profit": 155,
        "Operating Income": 41,
        "EBIT": 93,
        "Net Income": -15
    },
    "2020-03-31": {
        "Diluted EPS": -0.05,
        "Total Revenue": 256,
        "Gross Profit": 152,
        "Operating Income": 25,
        "EBIT": 78,
        "Net Income": 92
    },
    "2019-12-31": {
        "Diluted EPS": -0.93,
        "Total Revenue": 278,
        "Gross Profit": 155,
        "Operating Income": 40,
        "EBIT": 93,
        "Net Income": -102
    },
    "2019-09-30": {
        "Diluted EPS": 0.01,
        "Total Revenue": 268,
        "Gross Profit": 143,
        "Operating Income": 30,
        "EBIT": 81,
        "Net Income": 1
    },
    "2019-06-30": {
        "Diluted EPS": -0.1,
        "Total Revenue": 264,
        "Gross Profit": 145,
        "Operating Income": 26,
        "EBIT": 77,
        "Net Income": -11
    },
    "2019-03-31": {
        "Diluted EPS": -0.09,
        "Total Revenue": 254,
        "Gross Profit": 144,
        "Operating Income": 21,
        "EBIT": 69,
        "Net Income": -9
    },
    "2018-12-31": {
        "Diluted EPS": -0.08,
        "Total Revenue": 257,
        "Gross Profit": 141,
        "Operating Income": -4,
        "EBIT": 43,
        "Net Income": 14
    },
    "2018-09-30": {
        "Diluted EPS": -0.37,
        "Total Revenue": 219,
        "Gross Profit": 116,
        "Operating Income": 0,
        "EBIT": 42,
        "Net Income": -34
    },
    "2018-06-30": {
        "Diluted EPS": 0.0,
        "Total Revenue": 140,
        "Gross Profit": 78,
        "Operating Income": 6,
        "EBIT": 33,
        "Net Income": 0
    },
    "2018-03-31": {
        "Diluted EPS": -0.08,
        "Total Revenue": 135,
        "Gross Profit": 75,
        "Operating Income": 4,
        "EBIT": 32,
        "Net Income": -6
    },
    "2017-12-31": {
        "Diluted EPS": -3.5,
        "Total Revenue": 120,
        "Gross Profit": 66,
        "Operating Income": -80,
        "EBIT": 18,
        "Net Income": -123
    },
    "2017-09-30": {
        "Diluted EPS": -0.57,
        "Total Revenue": 116,
        "Gross Profit": 60,
        "Operating Income": 5,
        "EBIT": 37,
        "Net Income": -8
    },
    "2017-06-30": {
        "Diluted EPS": -0.41,
        "Total Revenue": 110,
        "Gross Profit": 57,
        "Operating Income": 11,
        "EBIT": 42,
        "Net Income": -6
    },
    "2017-03-31": {
        "Diluted EPS": -0.7,
        "Total Revenue": 99,
        "Gross Profit": 55,
        "Operating Income": 5,
        "EBIT": 34,
        "Net Income": -10
    },
    "2016-12-31": {
        "Diluted EPS": 0.0,
        "Total Revenue": NaN,
        "Gross Profit": NaN,
        "Operating Income": NaN,
        "EBIT": NaN,
        "Net Income": NaN
    },
    "2015-12-31": {
        "Diluted EPS": 0.0,
        "Total Revenue": NaN,
        "Gross Profit": NaN,
        "Operating Income": NaN,
        "EBIT": NaN,
        "Net Income": NaN
    },
    "2023-09-30": {
        "Tax Effect Of Unusual Items": -25344.0,
        "Tax Rate For Calcs": 0.264,
        "Normalized EBITDA": 262997000.0,
        "Total Unusual Items": -96000.0,
        "Total Unusual Items Excluding Goodwill": -96000.0,
        "Net Income From Continuing Operation Net Minority Interest": 91516000.0,
        "Reconciled Depreciation": 84802000.0,
        "Reconciled Cost Of Revenue": 198190000.0,
        "EBITDA": 262901000.0,
        "EBIT": 178099000.0,
        "Net Interest Income": -53803000.0,
        "Interest Expense": 53803000.0,
        "Normalized Income": 91586656.0,
        "Net Income From Continuing And Discontinued Operation": 91516000.0,
        "Total Expenses": 426639000.0,
        "Total Operating Income As Reported": 178099000.0,
        "Diluted Average Shares": 199258304.0,
        "Basic Average Shares": 196198638.0,
        "Diluted EPS": 0.46,
        "Basic EPS": 0.47,
        "Diluted NI Availto Com Stockholders": 91516000.0,
        "Net Income Common Stockholders": 91516000.0,
        "Net Income": 91516000.0,
        "Net Income Including Noncontrolling Interests": 91516000.0,
        "Net Income Discontinuous Operations": 0.0,
        "Net Income Continuous Operations": 91516000.0,
        "Tax Provision": 32780000.0,
        "Pretax Income": 124296000.0,
        "Other Income Expense": -96000.0,
        "Special Income Charges": NaN,
        "Impairment Of Capital Assets": NaN,
        "Gain On Sale Of Security": -96000.0,
        "Net Non Operating Interest Income Expense": -53803000.0,
        "Interest Expense Non Operating": 53803000.0,
        "Operating Income": 178195000.0,
        "Operating Expense": 161499000.0,
        "Other Operating Expenses": -8336000.0,
        "Depreciation Amortization Depletion Income Statement": 17852000.0,
        "Depreciation And Amortization In Income Statement": 17852000.0,
        "Selling General And Administration": 151983000.0,
        "Gross Profit": 339694000.0,
        "Cost Of Revenue": 265140000.0,
        "Total Revenue": 604834000.0,
        "Operating Revenue": 604834000.0
    },
    "2023-12-31": {
        "Tax Effect Of Unusual Items": 35200.257522,
        "Tax Rate For Calcs": 0.268704,
        "Normalized EBITDA": 272769000.0,
        "Total Unusual Items": 131000.0,
        "Total Unusual Items Excluding Goodwill": 131000.0,
        "Net Income From Continuing Operation Net Minority Interest": 86328000.0,
        "Reconciled Depreciation": 95727000.0,
        "Reconciled Cost Of Revenue": 194023000.0,
        "EBITDA": 272900000.0,
        "EBIT": 177173000.0,
        "Net Interest Income": -59125000.0,
        "Interest Expense": 59125000.0,
        "Normalized Income": 86232200.257522,
        "Net Income From Continuing And Discontinued Operation": 86328000.0,
        "Total Expenses": 435334000.0,
        "Total Operating Income As Reported": 177173000.0,
        "Diluted Average Shares": 194097351.0,
        "Basic Average Shares": 191171967.0,
        "Diluted EPS": 0.44,
        "Basic EPS": 0.45,
        "Diluted NI Availto Com Stockholders": 86328000.0,
        "Net Income Common Stockholders": 86328000.0,
        "Net Income": 86328000.0,
        "Net Income Including Noncontrolling Interests": 86328000.0,
        "Net Income Discontinuous Operations": 0.0,
        "Net Income Continuous Operations": 86328000.0,
        "Tax Provision": 31720000.0,
        "Pretax Income": 118048000.0,
        "Other Income Expense": 131000.0,
        "Special Income Charges": NaN,
        "Impairment Of Capital Assets": NaN,
        "Gain On Sale Of Security": 131000.0,
        "Net Non Operating Interest Income Expense": -59125000.0,
        "Interest Expense Non Operating": 59125000.0,
        "Operating Income": 177042000.0,
        "Operating Expense": 166134000.0,
        "Other Operating Expenses": -821000.0,
        "Depreciation Amortization Depletion Income Statement": 20550000.0,
        "Depreciation And Amortization In Income Statement": 20550000.0,
        "Selling General And Administration": 146405000.0,
        "Gross Profit": 343176000.0,
        "Cost Of Revenue": 269200000.0,
        "Total Revenue": 612376000.0,
        "Operating Revenue": 612376000.0
    },
    "2024-03-31": {
        "Tax Effect Of Unusual Items": -192046.048147,
        "Tax Rate For Calcs": 0.233349,
        "Normalized EBITDA": 223597000.0,
        "Total Unusual Items": -823000.0,
        "Total Unusual Items Excluding Goodwill": -823000.0,
        "Net Income From Continuing Operation Net Minority Interest": 56240000.0,
        "Reconciled Depreciation": 92828000.0,
        "Reconciled Cost Of Revenue": 195385000.0,
        "EBITDA": 222774000.0,
        "EBIT": 129946000.0,
        "Net Interest Income": -56588000.0,
        "Interest Expense": 56588000.0,
        "Normalized Income": 56870953.951853,
        "Net Income From Continuing And Discontinued Operation": 56240000.0,
        "Total Expenses": 456412000.0,
        "Total Operating Income As Reported": 129946000.0,
        "Diluted Average Shares": 193065392.0,
        "Basic Average Shares": 190137533.0,
        "Diluted EPS": 0.29,
        "Basic EPS": 0.3,
        "Diluted NI Availto Com Stockholders": 56240000.0,
        "Net Income Common Stockholders": 56240000.0,
        "Net Income": 56240000.0,
        "Net Income Including Noncontrolling Interests": 56240000.0,
        "Net Income Discontinuous Operations": 0.0,
        "Net Income Continuous Operations": 56240000.0,
        "Tax Provision": 17118000.0,
        "Pretax Income": 73358000.0,
        "Other Income Expense": -823000.0,
        "Special Income Charges": -746000.0,
        "Impairment Of Capital Assets": 746000.0,
        "Gain On Sale Of Security": -77000.0,
        "Net Non Operating Interest Income Expense": -56588000.0,
        "Interest Expense Non Operating": 56588000.0,
        "Operating Income": 130769000.0,
        "Operating Expense": 186119000.0,
        "Other Operating Expenses": 631000.0,
        "Depreciation Amortization Depletion Income Statement": 17920000.0,
        "Depreciation And Amortization In Income Statement": 17920000.0,
        "Selling General And Administration": 167568000.0,
        "Gross Profit": 316888000.0,
        "Cost Of Revenue": 270293000.0,
        "Total Revenue": 587181000.0,
        "Operating Revenue": 587181000.0
    }
}