{
    "2023-06-30": {
        "Tax Effect Of Unusual Items": 6526.0,
        "Tax Rate For Calcs": 0.251,
        "Total Unusual Items": 26000.0,
        "Total Unusual Items Excluding Goodwill": 26000.0,
        "Net Income From Continuing Operation Net Minority Interest": 68678000.0,
        "Reconciled Depreciation": 13448000.0,
        "Net Interest Income": 181842000.0,
        "Interest Expense": 59927000.0,
        "Interest Income": 241769000.0,
        "Normalized Income": 68658526.0,
        "Net Income From Continuing And Discontinued Operation": 68678000.0,
        "Diluted Average Shares": 61414273.0,
        "Basic Average Shares": 61348200.0,
        "Diluted EPS": 1.12,
        "Basic EPS": 1.12,
        "Diluted NI Availto Com Stockholders": 68678000.0,
        "Net Income Common Stockholders": 68678000.0,
        "Net Income": 68678000.0,
        "Minority Interests": 83000.0,
        "Net Income Including Noncontrolling Interests": 68595000.0,
        "Net Income Continuous Operations": 68595000.0,
        "Tax Provision": 23035000.0,
        "Pretax Income": 91630000.0,
        "Special Income Charges": 26000.0,
        "Restructuring And Mergern Acquisition": -26000.0,
        "Gain On Sale Of Security": 0.0,
        "Selling General And Administration": 80191000.0,
        "Selling And Marketing Expense": 2165000.0,
        "General And Administrative Expense": 78026000.0,
        "Other Gand A": 2796000.0,
        "Insurance And Claims": 2863000.0,
        "Salaries And Wages": 72367000.0,
        "Total Revenue": 248177000.0,
        "Operating Revenue": 248177000.0,
        "Occupancy And Equipment": 20942000.0,
        "Professional Expense And Contract Services Expense": 6118000.0,
        "Other Non Interest Expense": 33492000.0
    },
    "2023-03-31": {
        "Tax Effect Of Unusual Items": 190250.0,
        "Tax Rate For Calcs": 0.25,
        "Total Unusual Items": 761000.0,
        "Total Unusual Items Excluding Goodwill": 761000.0,
        "Net Income From Continuing Operation Net Minority Interest": 62404000.0,
        "Reconciled Depreciation": 12077000.0,
        "Net Interest Income": 182532000.0,
        "Interest Expense": 43851000.0,
        "Interest Income": 226383000.0,
        "Normalized Income": 61833250.0,
        "Net Income From Continuing And Discontinued Operation": 62404000.0,
        "Diluted Average Shares": 61678871.0,
        "Basic Average Shares": 61510714.0,
        "Diluted EPS": 1.01,
        "Basic EPS": 1.01,
        "Diluted NI Availto Com Stockholders": 62404000.0,
        "Net Income Common Stockholders": 62404000.0,
        "Net Income": 62404000.0,
        "Minority Interests": -258000.0,
        "Net Income Including Noncontrolling Interests": 62662000.0,
        "Net Income Continuous Operations": 62662000.0,
        "Tax Provision": 20941000.0,
        "Pretax Income": 83603000.0,
        "Special Income Charges": 761000.0,
        "Restructuring And Mergern Acquisition": -761000.0,
        "Gain On Sale Of Security": -4000.0,
        "Selling General And Administration": 77147000.0,
        "Selling And Marketing Expense": 1716000.0,
        "General And Administrative Expense": 75431000.0,
        "Other Gand A": NaN,
        "Insurance And Claims": 2582000.0,
        "Salaries And Wages": 72849000.0,
        "Total Revenue": 245659000.0,
        "Operating Revenue": 245659000.0,
        "Occupancy And Equipment": 20200000.0,
        "Professional Expense And Contract Services Expense": 4439000.0,
        "Other Non Interest Expense": 32020000.0
    },
    "2022-12-31": {
        "Tax Effect Of Unusual Items": 79509.616154,
        "Tax Rate For Calcs": 0.249246,
        "Total Unusual Items": 319000.0,
        "Total Unusual Items Excluding Goodwill": 319000.0,
        "Net Income From Continuing Operation Net Minority Interest": 84449000.0,
        "Reconciled Depreciation": 11314000.0,
        "Net Interest Income": 193886000.0,
        "Interest Expense": 19207000.0,
        "Interest Income": 213093000.0,
        "Normalized Income": 84209509.616154,
        "Net Income From Continuing And Discontinued Operation": 84449000.0,
        "Diluted Average Shares": 61801612.0,
        "Basic Average Shares": 61611912.0,
        "Diluted EPS": 1.37,
        "Basic EPS": 1.37066,
        "Diluted NI Availto Com Stockholders": 84449000.0,
        "Net Income Common Stockholders": 84449000.0,
        "Net Income": 84449000.0,
        "Minority Interests": 14000.0,
        "Net Income Including Noncontrolling Interests": 84435000.0,
        "Net Income Continuous Operations": 84435000.0,
        "Tax Provision": 28032000.0,
        "Pretax Income": 112467000.0,
        "Special Income Charges": 319000.0,
        "Restructuring And Mergern Acquisition": -319000.0,
        "Gain On Sale Of Security": -8000.0,
        "Selling General And Administration": 18748000.0,
        "Selling And Marketing Expense": 2245000.0,
        "General And Administrative Expense": 16503000.0,
        "Other Gand A": NaN,
        "Insurance And Claims": 1699000.0,
        "Salaries And Wages": 72492000.0,
        "Total Revenue": 258064000.0,
        "Operating Revenue": 258064000.0
    },
    "2022-09-30": {
        "Tax Effect Of Unusual Items": NaN,
        "Tax Rate For Calcs": NaN,
        "Total Unusual Items": NaN,
        "Total Unusual Items Excluding Goodwill": NaN,
        "Net Income From Continuing Operation Net Minority Interest": NaN,
        "Reconciled Depreciation": NaN,
        "Net Interest Income": NaN,
        "Interest Expense": NaN,
        "Interest Income": NaN,
        "Normalized Income": NaN,
        "Net Income From Continuing And Discontinued Operation": NaN,
        "Diluted Average Shares": NaN,
        "Basic Average Shares": NaN,
        "Diluted EPS": NaN,
        "Basic EPS": NaN,
        "Diluted NI Availto Com Stockholders": NaN,
        "Net Income Common Stockholders": NaN,
        "Net Income": NaN,
        "Minority Interests": NaN,
        "Net Income Including Noncontrolling Interests": NaN,
        "Net Income Continuous Operations": NaN,
        "Tax Provision": NaN,
        "Pretax Income": NaN,
        "Special Income Charges": NaN,
        "Restructuring And Mergern Acquisition": NaN,
        "Gain On Sale Of Security": NaN,
        "Selling General And Administration": NaN,
        "Selling And Marketing Expense": NaN,
        "General And Administrative Expense": NaN,
        "Other Gand A": 6610000.0,
        "Insurance And Claims": NaN,
        "Salaries And Wages": NaN,
        "Total Revenue": NaN,
        "Operating Revenue": NaN
    },
    "2022-06-30": {
        "Tax Effect Of Unusual Items": -1058246.0,
        "Tax Rate For Calcs": 0.269,
        "Total Unusual Items": -3934000.0,
        "Total Unusual Items Excluding Goodwill": -3934000.0,
        "Net Income From Continuing Operation Net Minority Interest": 60740000.0,
        "Reconciled Depreciation": 14591000.0,
        "Net Interest Income": 153615000.0,
        "Interest Expense": 6405000.0,
        "Interest Income": 160020000.0,
        "Normalized Income": 63615754.0,
        "Net Income From Continuing And Discontinued Operation": 60740000.0,
        "Diluted Average Shares": 64283288.0,
        "Basic Average Shares": 64224018.0,
        "Diluted EPS": 0.94,
        "Basic EPS": 0.95,
        "Diluted NI Availto Com Stockholders": 60740000.0,
        "Net Income Common Stockholders": 60740000.0,
        "Net Income": 60740000.0,
        "Minority Interests": -162000.0,
        "Net Income Including Noncontrolling Interests": 60902000.0,
        "Net Income Continuous Operations": 60902000.0,
        "Tax Provision": 22425000.0,
        "Pretax Income": 83327000.0,
        "Special Income Charges": -3934000.0,
        "Restructuring And Mergern Acquisition": 3934000.0,
        "Gain On Sale Of Security": 5991000.0,
        "Selling General And Administration": 82975000.0,
        "Selling And Marketing Expense": 1637000.0,
        "General And Administrative Expense": 81338000.0,
        "Other Gand A": 11681000.0,
        "Insurance And Claims": 1468000.0,
        "Salaries And Wages": 68189000.0,
        "Total Revenue": 225870000.0,
        "Operating Revenue": 225870000.0
    },
    "2022-03-31": {
        "Diluted EPS": 0.06,
        "Total Revenue": 205,
        "Gross Profit": 199,
        "Operating Income": 23,
        "EBIT": NaN,
        "Net Income": 4
    },
    "2021-12-31": {
        "Diluted EPS": 1.18,
        "Total Revenue": 159,
        "Gross Profit": 154,
        "Operating Income": 74,
        "EBIT": NaN,
        "Net Income": 56
    },
    "2021-09-30": {
        "Diluted EPS": 1.14,
        "Total Revenue": 152,
        "Gross Profit": 147,
        "Operating Income": 72,
        "EBIT": NaN,
        "Net Income": 54
    },
    "2021-06-30": {
        "Diluted EPS": 2.01,
        "Total Revenue": 162,
        "Gross Profit": 156,
        "Operating Income": 127,
        "EBIT": NaN,
        "Net Income": 96
    },
    "2021-03-31": {
        "Diluted EPS": 1.36,
        "Total Revenue": 169,
        "Gross Profit": 162,
        "Operating Income": 86,
        "EBIT": NaN,
        "Net Income": 65
    },
    "2020-12-31": {
        "Diluted EPS": 1.19,
        "Total Revenue": 178,
        "Gross Profit": 170,
        "Operating Income": 78,
        "EBIT": NaN,
        "Net Income": 60
    },
    "2020-09-30": {
        "Diluted EPS": 1.01,
        "Total Revenue": 173,
        "Gross Profit": 162,
        "Operating Income": 66,
        "EBIT": NaN,
        "Net Income": 51
    },
    "2020-06-30": {
        "Diluted EPS": -0.14,
        "Total Revenue": 190,
        "Gross Profit": 178,
        "Operating Income": -10,
        "EBIT": NaN,
        "Net Income": -7
    },
    "2020-03-31": {
        "Diluted EPS": 0.21,
        "Total Revenue": 175,
        "Gross Profit": 157,
        "Operating Income": 12,
        "EBIT": NaN,
        "Net Income": 11
    },
    "2019-12-31": {
        "Diluted EPS": 0.97,
        "Total Revenue": 179,
        "Gross Profit": 159,
        "Operating Income": 61,
        "EBIT": NaN,
        "Net Income": 46
    },
    "2019-09-30": {
        "Diluted EPS": 1.02,
        "Total Revenue": 204,
        "Gross Profit": 183,
        "Operating Income": 78,
        "EBIT": NaN,
        "Net Income": 54
    },
    "2019-06-30": {
        "Diluted EPS": 0.68,
        "Total Revenue": 186,
        "Gross Profit": 166,
        "Operating Income": 48,
        "EBIT": NaN,
        "Net Income": 36
    },
    "2019-03-31": {
        "Diluted EPS": 0.33,
        "Total Revenue": 141,
        "Gross Profit": 124,
        "Operating Income": 24,
        "EBIT": NaN,
        "Net Income": 13
    },
    "2018-12-31": {
        "Diluted EPS": 0.94,
        "Total Revenue": 116,
        "Gross Profit": 103,
        "Operating Income": 38,
        "EBIT": NaN,
        "Net Income": 30
    },
    "2018-09-30": {
        "Diluted EPS": 1.2,
        "Total Revenue": 117,
        "Gross Profit": 105,
        "Operating Income": 49,
        "EBIT": NaN,
        "Net Income": 39
    },
    "2018-06-30": {
        "Diluted EPS": 0.89,
        "Total Revenue": 107,
        "Gross Profit": 96,
        "Operating Income": 36,
        "EBIT": NaN,
        "Net Income": 29
    },
    "2018-03-31": {
        "Diluted EPS": 1.16,
        "Total Revenue": 115,
        "Gross Profit": 105,
        "Operating Income": 48,
        "EBIT": NaN,
        "Net Income": 37
    },
    "2017-12-31": {
        "Diluted EPS": -0.31,
        "Total Revenue": 99,
        "Gross Profit": 90,
        "Operating Income": 18,
        "EBIT": NaN,
        "Net Income": -10
    },
    "2017-09-30": {
        "Diluted EPS": 0.64,
        "Total Revenue": 97,
        "Gross Profit": 89,
        "Operating Income": 32,
        "EBIT": NaN,
        "Net Income": 21
    },
    "2017-06-30": {
        "Diluted EPS": 0.64,
        "Total Revenue": 94,
        "Gross Profit": 86,
        "Operating Income": 31,
        "EBIT": NaN,
        "Net Income": 21
    },
    "2017-03-31": {
        "Diluted EPS": 0.59,
        "Total Revenue": 89,
        "Gross Profit": 81,
        "Operating Income": 28,
        "EBIT": NaN,
        "Net Income": 19
    },
    "2016-12-31": {
        "Diluted EPS": 0.55,
        "Total Revenue": 88,
        "Gross Profit": 81,
        "Operating Income": 27,
        "EBIT": NaN,
        "Net Income": 18
    },
    "2016-09-30": {
        "Diluted EPS": 0.41,
        "Total Revenue": 83,
        "Gross Profit": 77,
        "Operating Income": 20,
        "EBIT": NaN,
        "Net Income": 13
    },
    "2016-06-30": {
        "Diluted EPS": 0.58,
        "Total Revenue": 77,
        "Gross Profit": 72,
        "Operating Income": 26,
        "EBIT": NaN,
        "Net Income": 17
    },
    "2016-03-31": {
        "Diluted EPS": 0.52,
        "Total Revenue": 74,
        "Gross Profit": 69,
        "Operating Income": 24,
        "EBIT": NaN,
        "Net Income": 16
    },
    "2015-12-31": {
        "Diluted EPS": 0.46,
        "Total Revenue": 77,
        "Gross Profit": 73,
        "Operating Income": 22,
        "EBIT": NaN,
        "Net Income": 14
    },
    "2015-09-30": {
        "Diluted EPS": 0.51,
        "Total Revenue": 67,
        "Gross Profit": 63,
        "Operating Income": 23,
        "EBIT": NaN,
        "Net Income": 14
    },
    "2015-06-30": {
        "Diluted EPS": 0.43,
        "Total Revenue": 66,
        "Gross Profit": 62,
        "Operating Income": 19,
        "EBIT": NaN,
        "Net Income": 12
    },
    "2015-03-31": {
        "Diluted EPS": 0.45,
        "Total Revenue": 64,
        "Gross Profit": 60,
        "Operating Income": 20,
        "EBIT": NaN,
        "Net Income": 13
    },
    "2014-12-31": {
        "Diluted EPS": 0.44,
        "Total Revenue": 62,
        "Gross Profit": 58,
        "Operating Income": 19,
        "EBIT": NaN,
        "Net Income": 13
    },
    "2014-09-30": {
        "Diluted EPS": 0.41,
        "Total Revenue": 61,
        "Gross Profit": 57,
        "Operating Income": 18,
        "EBIT": NaN,
        "Net Income": 11
    },
    "2014-06-30": {
        "Diluted EPS": 0.46,
        "Total Revenue": 59,
        "Gross Profit": 55,
        "Operating Income": 20,
        "EBIT": NaN,
        "Net Income": 13
    },
    "2014-03-31": {
        "Diluted EPS": 0.62,
        "Total Revenue": 56,
        "Gross Profit": 52,
        "Operating Income": 16,
        "EBIT": NaN,
        "Net Income": 17
    },
    "2013-12-31": {
        "Diluted EPS": 0.45,
        "Total Revenue": 58,
        "Gross Profit": 54,
        "Operating Income": 20,
        "EBIT": NaN,
        "Net Income": 12
    },
    "2013-09-30": {
        "Diluted EPS": 0.51,
        "Total Revenue": 60,
        "Gross Profit": 56,
        "Operating Income": 21,
        "EBIT": NaN,
        "Net Income": 14
    },
    "2013-06-30": {
        "Diluted EPS": 0.39,
        "Total Revenue": 55,
        "Gross Profit": 52,
        "Operating Income": 17,
        "EBIT": NaN,
        "Net Income": 10
    },
    "2013-03-31": {
        "Diluted EPS": 0.34,
        "Total Revenue": 54,
        "Gross Profit": 50,
        "Operating Income": 15,
        "EBIT": NaN,
        "Net Income": 9
    },
    "2012-12-31": {
        "Diluted EPS": 0.26,
        "Total Revenue": 58,
        "Gross Profit": 53,
        "Operating Income": 12,
        "EBIT": NaN,
        "Net Income": 7
    },
    "2012-09-30": {
        "Diluted EPS": 0.35,
        "Total Revenue": 56,
        "Gross Profit": 51,
        "Operating Income": 15,
        "EBIT": NaN,
        "Net Income": 9
    },
    "2012-06-30": {
        "Diluted EPS": 0.25,
        "Total Revenue": 67,
        "Gross Profit": 61,
        "Operating Income": 12,
        "EBIT": NaN,
        "Net Income": 7
    },
    "2012-03-31": {
        "Diluted EPS": 0.22,
        "Total Revenue": 56,
        "Gross Profit": 49,
        "Operating Income": 10,
        "EBIT": NaN,
        "Net Income": 6
    },
    "2011-12-31": {
        "Diluted EPS": 0.21,
        "Total Revenue": 57,
        "Gross Profit": 49,
        "Operating Income": 9,
        "EBIT": NaN,
        "Net Income": 5
    },
    "2011-09-30": {
        "Diluted EPS": 0.23,
        "Total Revenue": 57,
        "Gross Profit": 49,
        "Operating Income": 10,
        "EBIT": NaN,
        "Net Income": 6
    },
    "2011-06-30": {
        "Diluted EPS": 0.18,
        "Total Revenue": 56,
        "Gross Profit": 47,
        "Operating Income": 8,
        "EBIT": NaN,
        "Net Income": 5
    },
    "2011-03-31": {
        "Diluted EPS": 0.13,
        "Total Revenue": 53,
        "Gross Profit": 44,
        "Operating Income": 7,
        "EBIT": NaN,
        "Net Income": 4
    },
    "2010-12-31": {
        "Diluted EPS": 0.06,
        "Total Revenue": 52,
        "Gross Profit": 43,
        "Operating Income": 4,
        "EBIT": NaN,
        "Net Income": 1
    },
    "2010-09-30": {
        "Diluted EPS": 0.31,
        "Total Revenue": 55,
        "Gross Profit": 45,
        "Operating Income": 13,
        "EBIT": NaN,
        "Net Income": 8
    },
    "2010-06-30": {
        "Diluted EPS": 0.12,
        "Total Revenue": 54,
        "Gross Profit": 43,
        "Operating Income": 5,
        "EBIT": NaN,
        "Net Income": 3
    },
    "2010-03-31": {
        "Diluted EPS": -0.01,
        "Total Revenue": 52,
        "Gross Profit": 40,
        "Operating Income": -1,
        "EBIT": NaN,
        "Net Income": 0
    },
    "2009-12-31": {
        "Diluted EPS": -0.03,
        "Total Revenue": 52,
        "Gross Profit": 40,
        "Operating Income": 0,
        "EBIT": NaN,
        "Net Income": -1
    },
    "2009-09-30": {
        "Diluted EPS": -0.03,
        "Total Revenue": 54,
        "Gross Profit": 41,
        "Operating Income": 0,
        "EBIT": NaN,
        "Net Income": -1
    },
    "2009-06-30": {
        "Diluted EPS": -0.17,
        "Total Revenue": 53,
        "Gross Profit": 39,
        "Operating Income": -4,
        "EBIT": NaN,
        "Net Income": -3
    },
    "2009-03-31": {
        "Diluted EPS": 0.13,
        "Total Revenue": 50,
        "Gross Profit": 35,
        "Operating Income": 3,
        "EBIT": NaN,
        "Net Income": 2
    },
    "2023-09-30": {
        "Tax Effect Of Unusual Items": 0.0,
        "Tax Rate For Calcs": 0.236,
        "Total Unusual Items": 0.0,
        "Total Unusual Items Excluding Goodwill": 0.0,
        "Net Income From Continuing Operation Net Minority Interest": 74166000.0,
        "Reconciled Depreciation": 11182000.0,
        "Net Interest Income": 182602000.0,
        "Interest Expense": 68537000.0,
        "Interest Income": 251139000.0,
        "Normalized Income": 74166000.0,
        "Net Income From Continuing And Discontinued Operation": 74166000.0,
        "Diluted Average Shares": 61039317.0,
        "Basic Average Shares": 60941922.0,
        "Diluted EPS": 1.22,
        "Basic EPS": 1.22,
        "Diluted NI Availto Com Stockholders": 74166000.0,
        "Net Income Common Stockholders": 74166000.0,
        "Net Income": 74166000.0,
        "Minority Interests": -97000.0,
        "Net Income Including Noncontrolling Interests": 74263000.0,
        "Net Income Continuous Operations": 74263000.0,
        "Tax Provision": 22904000.0,
        "Pretax Income": 97167000.0,
        "Special Income Charges": 0.0,
        "Restructuring And Mergern Acquisition": 0.0,
        "Gain On Sale Of Security": -5000.0,
        "Selling General And Administration": 79036000.0,
        "Selling And Marketing Expense": 2049000.0,
        "General And Administrative Expense": 76987000.0,
        "Other Gand A": NaN,
        "Insurance And Claims": 2534000.0,
        "Salaries And Wages": 74453000.0,
        "Total Revenue": 255270000.0,
        "Operating Revenue": 255270000.0,
        "Occupancy And Equipment": 20092000.0,
        "Professional Expense And Contract Services Expense": 4612000.0,
        "Other Non Interest Expense": 35949000.0
    },
    "2023-12-31": {
        "Tax Effect Of Unusual Items": -176120.43717,
        "Tax Rate For Calcs": 0.316195,
        "Total Unusual Items": -557000.0,
        "Total Unusual Items Excluding Goodwill": -557000.0,
        "Net Income From Continuing Operation Net Minority Interest": 63908000.0,
        "Reconciled Depreciation": 11895000.0,
        "Net Interest Income": 178127000.0,
        "Interest Expense": 79104000.0,
        "Interest Income": 257231000.0,
        "Normalized Income": 64288879.56283,
        "Net Income From Continuing And Discontinued Operation": 63908000.0,
        "Diluted Average Shares": 60772603.0,
        "Basic Average Shares": 60537831.0,
        "Diluted EPS": 1.05,
        "Basic EPS": 1.05567,
        "Diluted NI Availto Com Stockholders": 63908000.0,
        "Net Income Common Stockholders": 63908000.0,
        "Net Income": 63908000.0,
        "Minority Interests": 403000.0,
        "Net Income Including Noncontrolling Interests": 63505000.0,
        "Net Income Continuous Operations": 63505000.0,
        "Tax Provision": 29365000.0,
        "Pretax Income": 92870000.0,
        "Special Income Charges": -557000.0,
        "Restructuring And Mergern Acquisition": 557000.0,
        "Gain On Sale Of Security": 9831000.0,
        "Selling General And Administration": 79416000.0,
        "Selling And Marketing Expense": 1984000.0,
        "General And Administrative Expense": 77432000.0,
        "Other Gand A": NaN,
        "Insurance And Claims": 7908000.0,
        "Salaries And Wages": 69524000.0,
        "Total Revenue": 265332000.0,
        "Operating Revenue": 265332000.0,
        "Occupancy And Equipment": 23192000.0,
        "Professional Expense And Contract Services Expense": 6031000.0,
        "Other Non Interest Expense": 38450000.0
    },
    "2024-03-31": {
        "Tax Effect Of Unusual Items": 0.0,
        "Tax Rate For Calcs": 0.244,
        "Total Unusual Items": 0.0,
        "Total Unusual Items Excluding Goodwill": 0.0,
        "Net Income From Continuing Operation Net Minority Interest": 65761000.0,
        "Reconciled Depreciation": 10868000.0,
        "Net Interest Income": 175278000.0,
        "Interest Expense": 86344000.0,
        "Interest Income": 261622000.0,
        "Normalized Income": 65761000.0,
        "Net Income From Continuing And Discontinued Operation": 65761000.0,
        "Diluted Average Shares": 60521951.0,
        "Basic Average Shares": 60083965.0,
        "Diluted EPS": 1.09,
        "Basic EPS": 1.094485,
        "Diluted NI Availto Com Stockholders": 65761000.0,
        "Net Income Common Stockholders": 65761000.0,
        "Net Income": 65761000.0,
        "Minority Interests": 38000.0,
        "Net Income Including Noncontrolling Interests": 65723000.0,
        "Net Income Continuous Operations": 65723000.0,
        "Tax Provision": 21202000.0,
        "Pretax Income": 86925000.0,
        "Special Income Charges": 0.0,
        "Restructuring And Mergern Acquisition": 0.0,
        "Gain On Sale Of Security": 0.0,
        "Selling General And Administration": 81570000.0,
        "Selling And Marketing Expense": 1782000.0,
        "General And Administrative Expense": 79788000.0,
        "Other Gand A": NaN,
        "Insurance And Claims": 3982000.0,
        "Salaries And Wages": 75806000.0,
        "Total Revenue": 251135000.0,
        "Operating Revenue": 251135000.0,
        "Occupancy And Equipment": 20171000.0,
        "Professional Expense And Contract Services Expense": 4481000.0,
        "Other Non Interest Expense": 42850000.0
    }
}