{
    "2023-04-30": {
        "Tax Effect Of Unusual Items": 0.0,
        "Tax Rate For Calcs": 0.236,
        "Normalized EBITDA": 255079000.0,
        "Net Income From Continuing Operation Net Minority Interest": 156531000.0,
        "Reconciled Depreciation": 55602000.0,
        "Reconciled Cost Of Revenue": 1080392000.0,
        "EBIT": 199477000.0,
        "Net Interest Income": 5498000.0,
        "Normalized Income": 156531000.0,
        "Net Income From Continuing And Discontinued Operation": 156531000.0,
        "Total Expenses": 1555974000.0,
        "Total Operating Income As Reported": 199477000.0,
        "Diluted Average Shares": 66696000.0,
        "Basic Average Shares": 65849000.0,
        "Diluted EPS": 2.35,
        "Basic EPS": 2.38,
        "Diluted NI Availto Com Stockholders": 156531000.0,
        "Net Income Common Stockholders": 156531000.0,
        "Net Income": 156531000.0,
        "Net Income Including Noncontrolling Interests": 156531000.0,
        "Net Income Continuous Operations": 156531000.0,
        "Tax Provision": 48444000.0,
        "Pretax Income": 204975000.0,
        "Net Non Operating Interest Income Expense": 5498000.0,
        "Total Other Finance Cost": -5498000.0,
        "Operating Income": 199477000.0,
        "Operating Expense": 475582000.0,
        "Selling General And Administration": 475582000.0,
        "Gross Profit": 675059000.0,
        "Cost Of Revenue": 1080392000.0,
        "Total Revenue": 1755451000.0,
        "Operating Revenue": 1755451000.0
    },
    "2023-01-31": {
        "Tax Effect Of Unusual Items": 0.0,
        "Tax Rate For Calcs": 0.247,
        "Normalized EBITDA": 526530000.0,
        "Net Income From Continuing Operation Net Minority Interest": 354993000.0,
        "Reconciled Depreciation": 56743000.0,
        "Reconciled Cost Of Revenue": 1443229000.0,
        "EBIT": 469787000.0,
        "Net Interest Income": 1383000.0,
        "Normalized Income": 354993000.0,
        "Net Income From Continuing And Discontinued Operation": 354993000.0,
        "Total Expenses": 1983292000.0,
        "Total Operating Income As Reported": 469787000.0,
        "Diluted Average Shares": 67201000.0,
        "Basic Average Shares": 66349000.0,
        "Diluted EPS": 5.28,
        "Basic EPS": 5.35,
        "Diluted NI Availto Com Stockholders": 354993000.0,
        "Net Income Common Stockholders": 354993000.0,
        "Net Income": 354993000.0,
        "Net Income Including Noncontrolling Interests": 354993000.0,
        "Net Income Continuous Operations": 354993000.0,
        "Tax Provision": 116177000.0,
        "Pretax Income": 471170000.0,
        "Net Non Operating Interest Income Expense": 1383000.0,
        "Total Other Finance Cost": -1383000.0,
        "Operating Income": 469787000.0,
        "Operating Expense": 540063000.0,
        "Selling General And Administration": 540063000.0,
        "Gross Profit": 1009850000.0,
        "Cost Of Revenue": 1443229000.0,
        "Total Revenue": 2453079000.0,
        "Operating Revenue": 2453079000.0
    },
    "2022-10-31": {
        "Tax Effect Of Unusual Items": 0.0,
        "Tax Rate For Calcs": 0.26,
        "Normalized EBITDA": 394588000.0,
        "Net Income From Continuing Operation Net Minority Interest": 251723000.0,
        "Reconciled Depreciation": 54955000.0,
        "Reconciled Cost Of Revenue": 1282048000.0,
        "EBIT": 339633000.0,
        "Net Interest Income": 370000.0,
        "Normalized Income": 251723000.0,
        "Net Income From Continuing And Discontinued Operation": 251723000.0,
        "Total Expenses": 1852941000.0,
        "Total Operating Income As Reported": 339633000.0,
        "Diluted Average Shares": 67617000.0,
        "Basic Average Shares": 66704000.0,
        "Diluted EPS": 3.72,
        "Basic EPS": 3.77,
        "Diluted NI Availto Com Stockholders": 251723000.0,
        "Net Income Common Stockholders": 251723000.0,
        "Net Income": 251723000.0,
        "Net Income Including Noncontrolling Interests": 251723000.0,
        "Net Income Continuous Operations": 251723000.0,
        "Tax Provision": 88280000.0,
        "Pretax Income": 340003000.0,
        "Net Non Operating Interest Income Expense": 370000.0,
        "Total Other Finance Cost": -370000.0,
        "Operating Income": 339633000.0,
        "Operating Expense": 570893000.0,
        "Selling General And Administration": 570893000.0,
        "Gross Profit": 910526000.0,
        "Cost Of Revenue": 1282048000.0,
        "Total Revenue": 2192574000.0,
        "Operating Revenue": 2192574000.0
    },
    "2022-07-31": {
        "Tax Effect Of Unusual Items": 0.0,
        "Tax Rate For Calcs": 0.27,
        "Normalized EBITDA": 417725000.0,
        "Net Income From Continuing Operation Net Minority Interest": 267075000.0,
        "Reconciled Depreciation": 52204000.0,
        "Reconciled Cost Of Revenue": 1208728000.0,
        "EBIT": 365521000.0,
        "Net Interest Income": 344000.0,
        "Normalized Income": 267075000.0,
        "Net Income From Continuing And Discontinued Operation": 267075000.0,
        "Total Expenses": 1772016000.0,
        "Total Operating Income As Reported": 365521000.0,
        "Diluted Average Shares": 69081000.0,
        "Basic Average Shares": 68180000.0,
        "Diluted EPS": 3.87,
        "Basic EPS": 3.92,
        "Diluted NI Availto Com Stockholders": 267075000.0,
        "Net Income Common Stockholders": 267075000.0,
        "Net Income": 267075000.0,
        "Net Income Including Noncontrolling Interests": 267075000.0,
        "Net Income Continuous Operations": 267075000.0,
        "Tax Provision": 98790000.0,
        "Pretax Income": 365865000.0,
        "Net Non Operating Interest Income Expense": 344000.0,
        "Total Other Finance Cost": -344000.0,
        "Operating Income": 365521000.0,
        "Operating Expense": 563288000.0,
        "Selling General And Administration": 563288000.0,
        "Gross Profit": 928809000.0,
        "Cost Of Revenue": 1208728000.0,
        "Total Revenue": 2137537000.0,
        "Operating Revenue": 2137537000.0
    },
    "2022-04-30": {
        "Diluted EPS": 3.5,
        "Total Revenue": NaN,
        "Gross Profit": 829,
        "Operating Income": 323,
        "EBIT": 374,
        "Net Income": 254
    },
    "2022-01-31": {
        "Diluted EPS": 5.35,
        "Total Revenue": NaN,
        "Gross Profit": NaN,
        "Operating Income": 525,
        "EBIT": 574,
        "Net Income": 403
    },
    "2021-10-31": {
        "Diluted EPS": 3.29,
        "Total Revenue": NaN,
        "Gross Profit": 895,
        "Operating Income": 330,
        "EBIT": 378,
        "Net Income": 250
    },
    "2021-07-31": {
        "Diluted EPS": 3.21,
        "Total Revenue": NaN,
        "Gross Profit": 858,
        "Operating Income": 323,
        "EBIT": 371,
        "Net Income": 246
    },
    "2021-04-30": {
        "Diluted EPS": 2.9,
        "Total Revenue": NaN,
        "Gross Profit": 753,
        "Operating Income": 275,
        "EBIT": 322,
        "Net Income": 228
    },
    "2021-01-31": {
        "Diluted EPS": 3.92,
        "Total Revenue": NaN,
        "Gross Profit": 965,
        "Operating Income": 402,
        "EBIT": 449,
        "Net Income": 309
    },
    "2020-10-31": {
        "Diluted EPS": 2.54,
        "Total Revenue": NaN,
        "Gross Profit": 706,
        "Operating Income": 275,
        "EBIT": 320,
        "Net Income": 202
    },
    "2020-07-31": {
        "Diluted EPS": 1.7,
        "Total Revenue": NaN,
        "Gross Profit": 551,
        "Operating Income": 185,
        "EBIT": 231,
        "Net Income": 135
    },
    "2020-04-30": {
        "Diluted EPS": 0.45,
        "Total Revenue": NaN,
        "Gross Profit": 414,
        "Operating Income": 49,
        "EBIT": 93,
        "Net Income": 35
    },
    "2020-01-31": {
        "Diluted EPS": 2.1,
        "Total Revenue": NaN,
        "Gross Profit": 693,
        "Operating Income": 204,
        "EBIT": 249,
        "Net Income": 166
    },
    "2019-10-31": {
        "Diluted EPS": 0.94,
        "Total Revenue": NaN,
        "Gross Profit": 518,
        "Operating Income": 102,
        "EBIT": 147,
        "Net Income": 75
    },
    "2019-07-31": {
        "Diluted EPS": 0.79,
        "Total Revenue": NaN,
        "Gross Profit": 484,
        "Operating Income": 86,
        "EBIT": 131,
        "Net Income": 63
    },
    "2019-04-30": {
        "Diluted EPS": 0.66,
        "Total Revenue": NaN,
        "Gross Profit": 444,
        "Operating Income": 74,
        "EBIT": 119,
        "Net Income": 53
    },
    "2019-01-31": {
        "Diluted EPS": 1.89,
        "Total Revenue": NaN,
        "Gross Profit": 710,
        "Operating Income": 201,
        "EBIT": 242,
        "Net Income": 155
    },
    "2018-10-31": {
        "Diluted EPS": 1.0,
        "Total Revenue": NaN,
        "Gross Profit": 495,
        "Operating Income": 94,
        "EBIT": 135,
        "Net Income": 81
    },
    "2018-07-31": {
        "Diluted EPS": 0.62,
        "Total Revenue": NaN,
        "Gross Profit": 464,
        "Operating Income": 74,
        "EBIT": 114,
        "Net Income": 52
    },
    "2018-04-30": {
        "Diluted EPS": 0.54,
        "Total Revenue": NaN,
        "Gross Profit": 432,
        "Operating Income": 67,
        "EBIT": 108,
        "Net Income": 45
    },
    "2018-01-31": {
        "Diluted EPS": 1.12,
        "Total Revenue": NaN,
        "Gross Profit": 646,
        "Operating Income": 199,
        "EBIT": 240,
        "Net Income": 96
    },
    "2017-10-31": {
        "Diluted EPS": 0.84,
        "Total Revenue": NaN,
        "Gross Profit": 467,
        "Operating Income": 111,
        "EBIT": 150,
        "Net Income": 71
    },
    "2017-07-31": {
        "Diluted EPS": 0.61,
        "Total Revenue": NaN,
        "Gross Profit": 423,
        "Operating Income": 82,
        "EBIT": 120,
        "Net Income": 53
    },
    "2017-04-30": {
        "Diluted EPS": 0.45,
        "Total Revenue": NaN,
        "Gross Profit": 396,
        "Operating Income": 62,
        "EBIT": 101,
        "Net Income": 40
    },
    "2017-01-31": {
        "Diluted EPS": 1.61,
        "Total Revenue": NaN,
        "Gross Profit": 622,
        "Operating Income": 216,
        "EBIT": 255,
        "Net Income": 145
    },
    "2016-10-31": {
        "Diluted EPS": 0.78,
        "Total Revenue": NaN,
        "Gross Profit": 458,
        "Operating Income": 110,
        "EBIT": 148,
        "Net Income": 69
    },
    "2016-07-31": {
        "Diluted EPS": 0.58,
        "Total Revenue": NaN,
        "Gross Profit": 411,
        "Operating Income": 83,
        "EBIT": 119,
        "Net Income": 52
    },
    "2016-04-30": {
        "Diluted EPS": 0.44,
        "Total Revenue": NaN,
        "Gross Profit": 393,
        "Operating Income": 64,
        "EBIT": 99,
        "Net Income": 40
    },
    "2016-01-31": {
        "Diluted EPS": 1.54,
        "Total Revenue": NaN,
        "Gross Profit": 608,
        "Operating Income": 223,
        "EBIT": 259,
        "Net Income": 141
    },
    "2015-10-31": {
        "Diluted EPS": 0.77,
        "Total Revenue": NaN,
        "Gross Profit": 451,
        "Operating Income": 111,
        "EBIT": 146,
        "Net Income": 70
    },
    "2015-07-31": {
        "Diluted EPS": 0.58,
        "Total Revenue": NaN,
        "Gross Profit": 407,
        "Operating Income": 83,
        "EBIT": 119,
        "Net Income": 54
    },
    "2015-04-30": {
        "Diluted EPS": 0.48,
        "Total Revenue": NaN,
        "Gross Profit": 379,
        "Operating Income": 72,
        "EBIT": 107,
        "Net Income": 45
    },
    "2015-01-31": {
        "Diluted EPS": 1.55,
        "Total Revenue": NaN,
        "Gross Profit": 619,
        "Operating Income": 238,
        "EBIT": 273,
        "Net Income": 147
    },
    "2014-10-31": {
        "Diluted EPS": 0.68,
        "Total Revenue": NaN,
        "Gross Profit": 431,
        "Operating Income": 105,
        "EBIT": 140,
        "Net Income": 65
    },
    "2014-07-31": {
        "Diluted EPS": 0.53,
        "Total Revenue": NaN,
        "Gross Profit": 382,
        "Operating Income": 85,
        "EBIT": 119,
        "Net Income": 51
    },
    "2014-04-30": {
        "Diluted EPS": 0.48,
        "Total Revenue": 974,
        "Gross Profit": 368,
        "Operating Income": 74,
        "EBIT": 107,
        "Net Income": 46
    },
    "2014-01-31": {
        "Diluted EPS": 1.35,
        "Total Revenue": NaN,
        "Gross Profit": 596,
        "Operating Income": 218,
        "EBIT": 250,
        "Net Income": 134
    },
    "2013-10-31": {
        "Diluted EPS": 0.58,
        "Total Revenue": NaN,
        "Gross Profit": 405,
        "Operating Income": 92,
        "EBIT": 124,
        "Net Income": 57
    },
    "2013-07-31": {
        "Diluted EPS": 0.49,
        "Total Revenue": 982,
        "Gross Profit": 369,
        "Operating Income": 78,
        "EBIT": 109,
        "Net Income": 49
    },
    "2013-04-30": {
        "Diluted EPS": 0.4,
        "Total Revenue": 888,
        "Gross Profit": 334,
        "Operating Income": 64,
        "EBIT": 94,
        "Net Income": 39
    },
    "2013-01-31": {
        "Diluted EPS": 1.32,
        "Total Revenue": NaN,
        "Gross Profit": 581,
        "Operating Income": 210,
        "EBIT": 239,
        "Net Income": 134
    },
    "2012-10-31": {
        "Diluted EPS": 0.49,
        "Total Revenue": 945,
        "Gross Profit": 368,
        "Operating Income": 79,
        "EBIT": 106,
        "Net Income": 49
    },
    "2012-07-31": {
        "Diluted EPS": 0.43,
        "Total Revenue": 874,
        "Gross Profit": 334,
        "Operating Income": 70,
        "EBIT": 96,
        "Net Income": 43
    },
    "2012-04-30": {
        "Diluted EPS": 0.3,
        "Total Revenue": 818,
        "Gross Profit": 309,
        "Operating Income": 49,
        "EBIT": 76,
        "Net Income": 31
    },
    "2012-01-31": {
        "Diluted EPS": 1.15,
        "Total Revenue": NaN,
        "Gross Profit": 523,
        "Operating Income": 197,
        "EBIT": 222,
        "Net Income": 123
    },
    "2011-10-31": {
        "Diluted EPS": 0.41,
        "Total Revenue": 867,
        "Gross Profit": 332,
        "Operating Income": 69,
        "EBIT": 95,
        "Net Income": 43
    },
    "2011-07-31": {
        "Diluted EPS": 0.37,
        "Total Revenue": 815,
        "Gross Profit": 309,
        "Operating Income": 64,
        "EBIT": 90,
        "Net Income": 39
    },
    "2011-04-30": {
        "Diluted EPS": 0.29,
        "Total Revenue": 771,
        "Gross Profit": 296,
        "Operating Income": 52,
        "EBIT": 78,
        "Net Income": 32
    },
    "2011-01-31": {
        "Diluted EPS": 1.03,
        "Total Revenue": NaN,
        "Gross Profit": 505,
        "Operating Income": 184,
        "EBIT": 210,
        "Net Income": 113
    },
    "2010-10-31": {
        "Diluted EPS": 0.34,
        "Total Revenue": 816,
        "Gross Profit": 311,
        "Operating Income": 56,
        "EBIT": 83,
        "Net Income": 37
    },
    "2010-07-31": {
        "Diluted EPS": 0.28,
        "Total Revenue": 776,
        "Gross Profit": 287,
        "Operating Income": 51,
        "EBIT": 78,
        "Net Income": 31
    },
    "2010-04-30": {
        "Diluted EPS": 0.18,
        "Total Revenue": 718,
        "Gross Profit": 271,
        "Operating Income": 32,
        "EBIT": 60,
        "Net Income": 20
    },
    "2010-01-31": {
        "Diluted EPS": 0.83,
        "Total Revenue": NaN,
        "Gross Profit": 451,
        "Operating Income": 141,
        "EBIT": 169,
        "Net Income": 88
    },
    "2009-10-31": {
        "Diluted EPS": 0.07,
        "Total Revenue": 729,
        "Gross Profit": 253,
        "Operating Income": 9,
        "EBIT": 39,
        "Net Income": 7
    },
    "2009-07-31": {
        "Diluted EPS": 0.0,
        "Total Revenue": 672,
        "Gross Profit": 215,
        "Operating Income": 0,
        "EBIT": 30,
        "Net Income": 0
    },
    "2009-04-30": {
        "Diluted EPS": -0.18,
        "Total Revenue": 612,
        "Gross Profit": 184,
        "Operating Income": -29,
        "EBIT": -1,
        "Net Income": -19
    },
    "2009-01-31": {
        "Diluted EPS": 0.11,
        "Total Revenue": NaN,
        "Gross Profit": 340,
        "Operating Income": 19,
        "EBIT": 49,
        "Net Income": 12
    }
}