{
    "2023-03-31": {
        "Tax Effect Of Unusual Items": NaN,
        "Tax Rate For Calcs": NaN,
        "Normalized EBITDA": NaN,
        "Net Income From Continuing Operation Net Minority Interest": NaN,
        "Reconciled Depreciation": NaN,
        "Reconciled Cost Of Revenue": NaN,
        "EBITDA": NaN,
        "EBIT": NaN,
        "Net Interest Income": NaN,
        "Interest Expense": 615000.0,
        "Normalized Income": NaN,
        "Net Income From Continuing And Discontinued Operation": NaN,
        "Total Expenses": NaN,
        "Total Operating Income As Reported": NaN,
        "Diluted Average Shares": NaN,
        "Basic Average Shares": NaN,
        "Diluted EPS": NaN,
        "Basic EPS": NaN,
        "Diluted NI Availto Com Stockholders": NaN,
        "Average Dilution Earnings": 3000.0,
        "Net Income Common Stockholders": NaN,
        "Otherunder Preferred Stock Dividend": NaN,
        "Net Income": NaN,
        "Minority Interests": NaN,
        "Net Income Including Noncontrolling Interests": NaN,
        "Net Income Continuous Operations": NaN,
        "Tax Provision": NaN,
        "Pretax Income": NaN,
        "Other Income Expense": 3640000.0,
        "Earnings From Equity Interest": 3640000.0,
        "Net Non Operating Interest Income Expense": NaN,
        "Total Other Finance Cost": 615000.0,
        "Interest Expense Non Operating": 615000.0,
        "Operating Income": NaN,
        "Operating Expense": NaN,
        "Other Operating Expenses": -3640000.0,
        "Selling General And Administration": NaN,
        "Gross Profit": NaN,
        "Cost Of Revenue": NaN,
        "Total Revenue": NaN,
        "Operating Revenue": NaN
    },
    "2022-12-31": {
        "Tax Effect Of Unusual Items": NaN,
        "Tax Rate For Calcs": NaN,
        "Normalized EBITDA": NaN,
        "Net Income From Continuing Operation Net Minority Interest": NaN,
        "Reconciled Depreciation": NaN,
        "Reconciled Cost Of Revenue": NaN,
        "EBITDA": NaN,
        "EBIT": NaN,
        "Net Interest Income": NaN,
        "Interest Expense": 14000.0,
        "Normalized Income": NaN,
        "Net Income From Continuing And Discontinued Operation": NaN,
        "Total Expenses": NaN,
        "Total Operating Income As Reported": NaN,
        "Diluted Average Shares": NaN,
        "Basic Average Shares": NaN,
        "Diluted EPS": NaN,
        "Basic EPS": NaN,
        "Diluted NI Availto Com Stockholders": NaN,
        "Average Dilution Earnings": NaN,
        "Net Income Common Stockholders": NaN,
        "Otherunder Preferred Stock Dividend": NaN,
        "Net Income": NaN,
        "Minority Interests": NaN,
        "Net Income Including Noncontrolling Interests": NaN,
        "Net Income Continuous Operations": NaN,
        "Tax Provision": NaN,
        "Pretax Income": NaN,
        "Other Income Expense": 5382000.0,
        "Earnings From Equity Interest": NaN,
        "Net Non Operating Interest Income Expense": NaN,
        "Total Other Finance Cost": NaN,
        "Interest Expense Non Operating": 14000.0,
        "Operating Income": NaN,
        "Operating Expense": NaN,
        "Other Operating Expenses": NaN,
        "Selling General And Administration": NaN,
        "Gross Profit": NaN,
        "Cost Of Revenue": NaN,
        "Total Revenue": NaN,
        "Operating Revenue": NaN
    },
    "2022-09-30": {
        "Tax Effect Of Unusual Items": NaN,
        "Tax Rate For Calcs": NaN,
        "Normalized EBITDA": NaN,
        "Net Income From Continuing Operation Net Minority Interest": NaN,
        "Reconciled Depreciation": NaN,
        "Reconciled Cost Of Revenue": NaN,
        "EBITDA": NaN,
        "EBIT": NaN,
        "Net Interest Income": NaN,
        "Interest Expense": NaN,
        "Normalized Income": NaN,
        "Net Income From Continuing And Discontinued Operation": NaN,
        "Total Expenses": NaN,
        "Total Operating Income As Reported": NaN,
        "Diluted Average Shares": NaN,
        "Basic Average Shares": NaN,
        "Diluted EPS": NaN,
        "Basic EPS": NaN,
        "Diluted NI Availto Com Stockholders": NaN,
        "Average Dilution Earnings": NaN,
        "Net Income Common Stockholders": NaN,
        "Otherunder Preferred Stock Dividend": NaN,
        "Net Income": NaN,
        "Minority Interests": NaN,
        "Net Income Including Noncontrolling Interests": NaN,
        "Net Income Continuous Operations": NaN,
        "Tax Provision": NaN,
        "Pretax Income": NaN,
        "Other Income Expense": 6927000.0,
        "Earnings From Equity Interest": 6927000.0,
        "Net Non Operating Interest Income Expense": NaN,
        "Total Other Finance Cost": NaN,
        "Interest Expense Non Operating": NaN,
        "Operating Income": NaN,
        "Operating Expense": NaN,
        "Other Operating Expenses": -6927000.0,
        "Selling General And Administration": NaN,
        "Gross Profit": NaN,
        "Cost Of Revenue": NaN,
        "Total Revenue": NaN,
        "Operating Revenue": NaN
    },
    "2022-06-30": {
        "Tax Effect Of Unusual Items": 0.0,
        "Tax Rate For Calcs": 0.211482,
        "Normalized EBITDA": 287097000.0,
        "Net Income From Continuing Operation Net Minority Interest": 192557000.0,
        "Reconciled Depreciation": 7783000.0,
        "Reconciled Cost Of Revenue": 1538222000.0,
        "EBITDA": 287097000.0,
        "EBIT": 287097000.0,
        "Net Interest Income": -1110000.0,
        "Interest Expense": 1110000.0,
        "Normalized Income": 192557000.0,
        "Net Income From Continuing And Discontinued Operation": 192557000.0,
        "Total Expenses": 1852975000.0,
        "Total Operating Income As Reported": 287097000.0,
        "Diluted Average Shares": 35521163.0,
        "Basic Average Shares": 35403171.0,
        "Diluted EPS": 4.93,
        "Basic EPS": 4.94,
        "Diluted NI Availto Com Stockholders": 174987000.0,
        "Average Dilution Earnings": 30000.0,
        "Net Income Common Stockholders": 174987000.0,
        "Otherunder Preferred Stock Dividend": 17570000.0,
        "Net Income": 192557000.0,
        "Minority Interests": -32949000.0,
        "Net Income Including Noncontrolling Interests": 225506000.0,
        "Net Income Continuous Operations": 225506000.0,
        "Tax Provision": 60481000.0,
        "Pretax Income": 285987000.0,
        "Other Income Expense": 6317000.0,
        "Other Non Operating Income Expenses": 6317000.0,
        "Earnings From Equity Interest": 6317000.0,
        "Net Non Operating Interest Income Expense": -1110000.0,
        "Interest Expense Non Operating": 1110000.0,
        "Operating Income": 280780000.0,
        "Operating Expense": 314753000.0,
        "Other Operating Expenses": NaN,
        "Selling General And Administration": 314753000.0,
        "Gross Profit": 595533000.0,
        "Cost Of Revenue": 1538222000.0,
        "Total Revenue": 2133755000.0,
        "Operating Revenue": 2133755000.0
    },
    "2023-06-30": {
        "Tax Effect Of Unusual Items": NaN,
        "Tax Rate For Calcs": NaN,
        "Normalized EBITDA": NaN,
        "Net Income From Continuing Operation Net Minority Interest": NaN,
        "Reconciled Depreciation": NaN,
        "Reconciled Cost Of Revenue": NaN,
        "EBITDA": NaN,
        "EBIT": NaN,
        "Net Interest Income": NaN,
        "Interest Expense": 3415000.0,
        "Normalized Income": NaN,
        "Net Income From Continuing And Discontinued Operation": NaN,
        "Total Expenses": NaN,
        "Total Operating Income As Reported": NaN,
        "Diluted Average Shares": NaN,
        "Basic Average Shares": NaN,
        "Diluted EPS": NaN,
        "Basic EPS": NaN,
        "Diluted NI Availto Com Stockholders": NaN,
        "Average Dilution Earnings": 17000.0,
        "Net Income Common Stockholders": NaN,
        "Otherunder Preferred Stock Dividend": NaN,
        "Net Income": NaN,
        "Minority Interests": NaN,
        "Net Income Including Noncontrolling Interests": NaN,
        "Net Income Continuous Operations": NaN,
        "Tax Provision": NaN,
        "Pretax Income": NaN,
        "Other Income Expense": NaN,
        "Earnings From Equity Interest": NaN,
        "Net Non Operating Interest Income Expense": NaN,
        "Total Other Finance Cost": 3415000.0,
        "Interest Expense Non Operating": 3415000.0,
        "Operating Income": NaN,
        "Operating Expense": NaN,
        "Other Operating Expenses": -7238000.0,
        "Selling General And Administration": NaN,
        "Gross Profit": NaN,
        "Cost Of Revenue": NaN,
        "Total Revenue": NaN,
        "Operating Revenue": NaN
    },
    "2022-03-31": {
        "Diluted EPS": 2.9,
        "Total Revenue": NaN,
        "Gross Profit": 450,
        "Operating Income": 171,
        "EBIT": 179,
        "Net Income": 113
    },
    "2021-12-31": {
        "Diluted EPS": 2.06,
        "Total Revenue": NaN,
        "Gross Profit": 412,
        "Operating Income": 123,
        "EBIT": 130,
        "Net Income": 73
    },
    "2021-09-30": {
        "Diluted EPS": 3.62,
        "Total Revenue": NaN,
        "Gross Profit": 483,
        "Operating Income": 207,
        "EBIT": 214,
        "Net Income": 128
    },
    "2021-06-30": {
        "Diluted EPS": 3.71,
        "Total Revenue": NaN,
        "Gross Profit": 478,
        "Operating Income": 217,
        "EBIT": 224,
        "Net Income": 131
    },
    "2021-03-31": {
        "Diluted EPS": 1.39,
        "Total Revenue": NaN,
        "Gross Profit": 295,
        "Operating Income": 82,
        "EBIT": 89,
        "Net Income": 49
    },
    "2020-12-31": {
        "Diluted EPS": 1.27,
        "Total Revenue": NaN,
        "Gross Profit": 282,
        "Operating Income": 70,
        "EBIT": 76,
        "Net Income": 45
    },
    "2020-09-30": {
        "Diluted EPS": 2.76,
        "Total Revenue": NaN,
        "Gross Profit": 374,
        "Operating Income": 157,
        "EBIT": 163,
        "Net Income": 97
    },
    "2020-06-30": {
        "Diluted EPS": 2.26,
        "Total Revenue": NaN,
        "Gross Profit": 319,
        "Operating Income": 129,
        "EBIT": 136,
        "Net Income": 79
    },
    "2020-03-31": {
        "Diluted EPS": 0.72,
        "Total Revenue": NaN,
        "Gross Profit": 248,
        "Operating Income": 45,
        "EBIT": 52,
        "Net Income": 25
    },
    "2019-12-31": {
        "Diluted EPS": 1.02,
        "Total Revenue": NaN,
        "Gross Profit": 261,
        "Operating Income": 52,
        "EBIT": 59,
        "Net Income": 36
    },
    "2019-09-30": {
        "Diluted EPS": 2.2,
        "Total Revenue": NaN,
        "Gross Profit": 335,
        "Operating Income": 125,
        "EBIT": 132,
        "Net Income": 77
    },
    "2019-06-30": {
        "Diluted EPS": 2.4,
        "Total Revenue": NaN,
        "Gross Profit": 328,
        "Operating Income": 134,
        "EBIT": 140,
        "Net Income": 83
    },
    "2019-03-31": {
        "Diluted EPS": 0.88,
        "Total Revenue": 931,
        "Gross Profit": 234,
        "Operating Income": 55,
        "EBIT": 61,
        "Net Income": 30
    },
    "2018-12-31": {
        "Diluted EPS": 1.09,
        "Total Revenue": 991,
        "Gross Profit": 250,
        "Operating Income": 59,
        "EBIT": 64,
        "Net Income": 37
    },
    "2018-09-30": {
        "Diluted EPS": 2.11,
        "Total Revenue": NaN,
        "Gross Profit": 319,
        "Operating Income": 122,
        "EBIT": 128,
        "Net Income": 73
    },
    "2018-06-30": {
        "Diluted EPS": 2.4,
        "Total Revenue": NaN,
        "Gross Profit": 321,
        "Operating Income": 137,
        "EBIT": 143,
        "Net Income": 83
    },
    "2018-03-31": {
        "Diluted EPS": 0.89,
        "Total Revenue": 927,
        "Gross Profit": 231,
        "Operating Income": 54,
        "EBIT": 59,
        "Net Income": 30
    },
    "2017-12-31": {
        "Diluted EPS": 1.21,
        "Total Revenue": 964,
        "Gross Profit": 241,
        "Operating Income": 61,
        "EBIT": 67,
        "Net Income": 41
    },
    "2017-09-30": {
        "Diluted EPS": 1.82,
        "Total Revenue": NaN,
        "Gross Profit": 296,
        "Operating Income": 114,
        "EBIT": 120,
        "Net Income": 60
    },
    "2017-06-30": {
        "Diluted EPS": 2.07,
        "Total Revenue": NaN,
        "Gross Profit": 310,
        "Operating Income": 129,
        "EBIT": 135,
        "Net Income": 68
    },
    "2017-03-31": {
        "Diluted EPS": 0.71,
        "Total Revenue": 872,
        "Gross Profit": 219,
        "Operating Income": 49,
        "EBIT": 54,
        "Net Income": 23
    },
    "2016-12-31": {
        "Diluted EPS": 0.84,
        "Total Revenue": 914,
        "Gross Profit": 228,
        "Operating Income": 58,
        "EBIT": 63,
        "Net Income": 27
    },
    "2016-09-30": {
        "Diluted EPS": 1.78,
        "Total Revenue": NaN,
        "Gross Profit": 302,
        "Operating Income": 119,
        "EBIT": 124,
        "Net Income": 58
    },
    "2016-06-30": {
        "Diluted EPS": 1.82,
        "Total Revenue": NaN,
        "Gross Profit": 292,
        "Operating Income": 118,
        "EBIT": 123,
        "Net Income": 59
    },
    "2016-03-31": {
        "Diluted EPS": 0.71,
        "Total Revenue": 851,
        "Gross Profit": 212,
        "Operating Income": 51,
        "EBIT": 56,
        "Net Income": 23
    },
    "2015-12-31": {
        "Diluted EPS": 0.76,
        "Total Revenue": 904,
        "Gross Profit": 222,
        "Operating Income": 54,
        "EBIT": 59,
        "Net Income": 25
    },
    "2015-09-30": {
        "Diluted EPS": 1.64,
        "Total Revenue": NaN,
        "Gross Profit": 286,
        "Operating Income": 111,
        "EBIT": 115,
        "Net Income": 53
    },
    "2015-06-30": {
        "Diluted EPS": 1.85,
        "Total Revenue": NaN,
        "Gross Profit": 295,
        "Operating Income": 125,
        "EBIT": 130,
        "Net Income": 60
    },
    "2015-03-31": {
        "Diluted EPS": 0.65,
        "Total Revenue": 809,
        "Gross Profit": 204,
        "Operating Income": 47,
        "EBIT": 52,
        "Net Income": 21
    },
    "2014-12-31": {
        "Diluted EPS": 0.68,
        "Total Revenue": 877,
        "Gross Profit": 214,
        "Operating Income": 52,
        "EBIT": 57,
        "Net Income": 22
    },
    "2014-09-30": {
        "Diluted EPS": 1.56,
        "Total Revenue": NaN,
        "Gross Profit": 275,
        "Operating Income": 105,
        "EBIT": 110,
        "Net Income": 50
    },
    "2014-06-30": {
        "Diluted EPS": 1.6,
        "Total Revenue": NaN,
        "Gross Profit": 279,
        "Operating Income": 113,
        "EBIT": 117,
        "Net Income": 52
    },
    "2014-03-31": {
        "Diluted EPS": 0.48,
        "Total Revenue": 763,
        "Gross Profit": 188,
        "Operating Income": 36,
        "EBIT": 40,
        "Net Income": 16
    },
    "2013-12-31": {
        "Diluted EPS": 0.49,
        "Total Revenue": 827,
        "Gross Profit": 199,
        "Operating Income": 40,
        "EBIT": 45,
        "Net Income": 16
    },
    "2013-09-30": {
        "Diluted EPS": 1.32,
        "Total Revenue": NaN,
        "Gross Profit": 259,
        "Operating Income": 95,
        "EBIT": 100,
        "Net Income": 42
    },
    "2013-06-30": {
        "Diluted EPS": 1.48,
        "Total Revenue": NaN,
        "Gross Profit": 267,
        "Operating Income": 105,
        "EBIT": 110,
        "Net Income": 48
    },
    "2013-03-31": {
        "Diluted EPS": 0.39,
        "Total Revenue": 714,
        "Gross Profit": 175,
        "Operating Income": 31,
        "EBIT": 35,
        "Net Income": 12
    },
    "2012-12-31": {
        "Diluted EPS": 0.13,
        "Total Revenue": 766,
        "Gross Profit": 183,
        "Operating Income": 33,
        "EBIT": 38,
        "Net Income": 4
    },
    "2012-09-30": {
        "Diluted EPS": 1.19,
        "Total Revenue": NaN,
        "Gross Profit": 243,
        "Operating Income": 86,
        "EBIT": 90,
        "Net Income": 38
    },
    "2012-06-30": {
        "Diluted EPS": 1.15,
        "Total Revenue": NaN,
        "Gross Profit": 238,
        "Operating Income": 86,
        "EBIT": 90,
        "Net Income": 36
    },
    "2012-03-31": {
        "Diluted EPS": 0.23,
        "Total Revenue": 634,
        "Gross Profit": 151,
        "Operating Income": 20,
        "EBIT": 23,
        "Net Income": 7
    },
    "2011-12-31": {
        "Diluted EPS": 0.42,
        "Total Revenue": 646,
        "Gross Profit": 161,
        "Operating Income": 33,
        "EBIT": 36,
        "Net Income": 13
    },
    "2011-09-30": {
        "Diluted EPS": 1.02,
        "Total Revenue": 914,
        "Gross Profit": 219,
        "Operating Income": 74,
        "EBIT": 77,
        "Net Income": 31
    },
    "2011-06-30": {
        "Diluted EPS": 1.09,
        "Total Revenue": 884,
        "Gross Profit": 213,
        "Operating Income": 76,
        "EBIT": 78,
        "Net Income": 34
    },
    "2011-03-31": {
        "Diluted EPS": 0.21,
        "Total Revenue": 534,
        "Gross Profit": 135,
        "Operating Income": 17,
        "EBIT": 19,
        "Net Income": 6
    },
    "2010-12-31": {
        "Diluted EPS": 0.34,
        "Total Revenue": 657,
        "Gross Profit": 154,
        "Operating Income": 22,
        "EBIT": 25,
        "Net Income": 8
    },
    "2010-09-30": {
        "Diluted EPS": 0.97,
        "Total Revenue": 813,
        "Gross Profit": 196,
        "Operating Income": 64,
        "EBIT": 67,
        "Net Income": 30
    },
    "2010-06-30": {
        "Diluted EPS": 1.08,
        "Total Revenue": 865,
        "Gross Profit": 201,
        "Operating Income": 71,
        "EBIT": 73,
        "Net Income": 35
    },
    "2010-03-31": {
        "Diluted EPS": 0.1,
        "Total Revenue": 510,
        "Gross Profit": 123,
        "Operating Income": 9,
        "EBIT": 11,
        "Net Income": 4
    },
    "2009-12-31": {
        "Diluted EPS": 0.25,
        "Total Revenue": 564,
        "Gross Profit": 134,
        "Operating Income": 15,
        "EBIT": 17,
        "Net Income": 7
    },
    "2009-09-30": {
        "Diluted EPS": 0.66,
        "Total Revenue": 742,
        "Gross Profit": 172,
        "Operating Income": 41,
        "EBIT": 44,
        "Net Income": 21
    },
    "2009-06-30": {
        "Diluted EPS": 0.56,
        "Total Revenue": 405,
        "Gross Profit": 101,
        "Operating Income": 26,
        "EBIT": 28,
        "Net Income": 16
    },
    "2009-03-31": {
        "Diluted EPS": -0.07,
        "Total Revenue": 291,
        "Gross Profit": 74,
        "Operating Income": -2,
        "EBIT": 0,
        "Net Income": -1
    },
    "2023-09-30": {
        "Tax Effect Of Unusual Items": 0.0,
        "Tax Rate For Calcs": 0.238,
        "Normalized EBITDA": 265408000.0,
        "Net Income From Continuing Operation Net Minority Interest": 170953000.0,
        "Reconciled Depreciation": 8791000.0,
        "Reconciled Cost Of Revenue": 1559900000.0,
        "EBITDA": 265408000.0,
        "EBIT": 256617000.0,
        "Net Interest Income": -1890000.0,
        "Interest Expense": 1890000.0,
        "Normalized Income": 170953000.0,
        "Net Income From Continuing And Discontinued Operation": 170953000.0,
        "Total Expenses": 1870228000.0,
        "Total Operating Income As Reported": 256617000.0,
        "Diluted Average Shares": 39394529.0,
        "Basic Average Shares": 39394529.0,
        "Diluted EPS": 4.037363,
        "Basic EPS": 4.037363,
        "Diluted NI Availto Com Stockholders": 159050000.0,
        "Average Dilution Earnings": 18000.0,
        "Net Income Common Stockholders": 159032000.0,
        "Otherunder Preferred Stock Dividend": 11921000.0,
        "Net Income": 170953000.0,
        "Minority Interests": -29671000.0,
        "Net Income Including Noncontrolling Interests": 200624000.0,
        "Net Income Continuous Operations": 200624000.0,
        "Tax Provision": 54103000.0,
        "Pretax Income": 254727000.0,
        "Other Income Expense": NaN,
        "Earnings From Equity Interest": NaN,
        "Net Non Operating Interest Income Expense": -1890000.0,
        "Total Other Finance Cost": NaN,
        "Interest Expense Non Operating": 1890000.0,
        "Operating Income": 256617000.0,
        "Operating Expense": 310328000.0,
        "Other Operating Expenses": -9506000.0,
        "Selling General And Administration": 319834000.0,
        "Gross Profit": 566945000.0,
        "Cost Of Revenue": 1559900000.0,
        "Total Revenue": 2126845000.0,
        "Operating Revenue": 2126845000.0
    },
    "2023-12-31": {
        "Tax Effect Of Unusual Items": 0.0,
        "Tax Rate For Calcs": 0.101216,
        "Normalized EBITDA": 117432000.0,
        "Net Income From Continuing Operation Net Minority Interest": 82547000.0,
        "Reconciled Depreciation": 9684000.0,
        "Reconciled Cost Of Revenue": 1188781000.0,
        "EBITDA": 117432000.0,
        "EBIT": 107748000.0,
        "Net Interest Income": 1000000.0,
        "Interest Expense": -1000000.0,
        "Normalized Income": 82547000.0,
        "Net Income From Continuing And Discontinued Operation": 82547000.0,
        "Total Expenses": 1521626000.0,
        "Total Operating Income As Reported": 107748000.0,
        "Diluted Average Shares": 39489543.0,
        "Basic Average Shares": 39489543.0,
        "Diluted EPS": 1.920508,
        "Basic EPS": 1.920508,
        "Diluted NI Availto Com Stockholders": 76826000.0,
        "Average Dilution Earnings": -3000.0,
        "Net Income Common Stockholders": 76829000.0,
        "Otherunder Preferred Stock Dividend": 5718000.0,
        "Net Income": 82547000.0,
        "Minority Interests": -15194000.0,
        "Net Income Including Noncontrolling Interests": 97741000.0,
        "Net Income Continuous Operations": 97741000.0,
        "Tax Provision": 11007000.0,
        "Pretax Income": 108748000.0,
        "Other Income Expense": NaN,
        "Earnings From Equity Interest": NaN,
        "Net Non Operating Interest Income Expense": 1000000.0,
        "Total Other Finance Cost": NaN,
        "Interest Expense Non Operating": -1000000.0,
        "Operating Income": 81571000.0,
        "Operating Expense": 332845000.0,
        "Other Operating Expenses": NaN,
        "Selling General And Administration": 312461000.0,
        "Gross Profit": 414416000.0,
        "Cost Of Revenue": 1188781000.0,
        "Total Revenue": 1603197000.0,
        "Operating Revenue": 1603197000.0
    },
    "2024-03-31": {
        "Tax Effect Of Unusual Items": 0.0,
        "Tax Rate For Calcs": 0.218,
        "Normalized EBITDA": 130959000.0,
        "Net Income From Continuing Operation Net Minority Interest": 87004000.0,
        "Reconciled Depreciation": 9882000.0,
        "Reconciled Cost Of Revenue": 1134366000.0,
        "EBITDA": 130959000.0,
        "EBIT": 121077000.0,
        "Net Interest Income": 2470000.0,
        "Interest Expense": NaN,
        "Normalized Income": 87004000.0,
        "Net Income From Continuing And Discontinued Operation": 87004000.0,
        "Total Expenses": 1443914000.0,
        "Total Operating Income As Reported": 126537000.0,
        "Diluted Average Shares": 40300014.0,
        "Basic Average Shares": 40300014.0,
        "Diluted EPS": 2.029744,
        "Basic EPS": 2.029744,
        "Diluted NI Availto Com Stockholders": 80168000.0,
        "Average Dilution Earnings": NaN,
        "Net Income Common Stockholders": 80168000.0,
        "Otherunder Preferred Stock Dividend": 6836000.0,
        "Net Income": 87004000.0,
        "Minority Interests": -17258000.0,
        "Net Income Including Noncontrolling Interests": 104262000.0,
        "Net Income Continuous Operations": 104262000.0,
        "Tax Provision": 24745000.0,
        "Pretax Income": 129007000.0,
        "Other Income Expense": 5460000.0,
        "Earnings From Equity Interest": 5460000.0,
        "Net Non Operating Interest Income Expense": 2470000.0,
        "Total Other Finance Cost": -2470000.0,
        "Interest Expense Non Operating": NaN,
        "Operating Income": 121077000.0,
        "Operating Expense": 309548000.0,
        "Other Operating Expenses": NaN,
        "Selling General And Administration": 309548000.0,
        "Gross Profit": 430625000.0,
        "Cost Of Revenue": 1134366000.0,
        "Total Revenue": 1564991000.0,
        "Operating Revenue": 1564991000.0
    },
    "2024-06-30": {
        "Tax Effect Of Unusual Items": 0.0,
        "Tax Rate For Calcs": 0.243,
        "Normalized EBITDA": 278814000.0,
        "Net Income From Continuing Operation Net Minority Interest": 181410000.0,
        "Reconciled Depreciation": 10011000.0,
        "Reconciled Cost Of Revenue": 1559568000.0,
        "EBITDA": 278814000.0,
        "EBIT": 268803000.0,
        "Net Interest Income": 4913000.0,
        "Interest Expense": NaN,
        "Normalized Income": 181410000.0,
        "Net Income From Continuing And Discontinued Operation": 181410000.0,
        "Total Expenses": 1870525000.0,
        "Total Operating Income As Reported": 268803000.0,
        "Diluted Average Shares": 40339214.0,
        "Basic Average Shares": 40339214.0,
        "Diluted EPS": 4.188634,
        "Basic EPS": 4.188634,
        "Diluted NI Availto Com Stockholders": 168802000.0,
        "Average Dilution Earnings": 15000.0,
        "Net Income Common Stockholders": 168787000.0,
        "Otherunder Preferred Stock Dividend": 12623000.0,
        "Net Income": 181410000.0,
        "Minority Interests": -33241000.0,
        "Net Income Including Noncontrolling Interests": 214651000.0,
        "Net Income Continuous Operations": 214651000.0,
        "Tax Provision": 59065000.0,
        "Pretax Income": 273716000.0,
        "Other Income Expense": NaN,
        "Earnings From Equity Interest": NaN,
        "Net Non Operating Interest Income Expense": 4913000.0,
        "Total Other Finance Cost": -4913000.0,
        "Interest Expense Non Operating": NaN,
        "Operating Income": 268803000.0,
        "Operating Expense": 310957000.0,
        "Other Operating Expenses": -8072000.0,
        "Selling General And Administration": 319029000.0,
        "Gross Profit": 579760000.0,
        "Cost Of Revenue": 1559568000.0,
        "Total Revenue": 2139328000.0,
        "Operating Revenue": 2139328000.0
    },
    "2024-09-30": {
        "Tax Effect Of Unusual Items": 0.0,
        "Tax Rate For Calcs": 0.215442,
        "Normalized EBITDA": 250309000.0,
        "Net Income From Continuing Operation Net Minority Interest": 171031000.0,
        "Reconciled Depreciation": 10438000.0,
        "Reconciled Cost Of Revenue": 1593792000.0,
        "EBITDA": 250309000.0,
        "EBIT": 239871000.0,
        "Net Interest Income": 6773000.0,
        "Interest Expense": NaN,
        "Normalized Income": 171031000.0,
        "Net Income From Continuing And Discontinued Operation": 171031000.0,
        "Total Expenses": 1920165000.0,
        "Total Operating Income As Reported": 250247000.0,
        "Diluted Average Shares": 40339214.0,
        "Basic Average Shares": 40339214.0,
        "Diluted EPS": 3.945169,
        "Basic EPS": 3.945169,
        "Diluted NI Availto Com Stockholders": 159132000.0,
        "Average Dilution Earnings": NaN,
        "Net Income Common Stockholders": 159132000.0,
        "Otherunder Preferred Stock Dividend": 11899000.0,
        "Net Income": 171031000.0,
        "Minority Interests": -30616000.0,
        "Net Income Including Noncontrolling Interests": 201647000.0,
        "Net Income Continuous Operations": 201647000.0,
        "Tax Provision": 55373000.0,
        "Pretax Income": 257020000.0,
        "Other Income Expense": 10376000.0,
        "Earnings From Equity Interest": 10376000.0,
        "Net Non Operating Interest Income Expense": 6773000.0,
        "Total Other Finance Cost": -6773000.0,
        "Interest Expense Non Operating": NaN,
        "Operating Income": 239871000.0,
        "Operating Expense": 326373000.0,
        "Other Operating Expenses": NaN,
        "Selling General And Administration": 326373000.0,
        "Gross Profit": 566244000.0,
        "Cost Of Revenue": 1593792000.0,
        "Total Revenue": 2160036000.0,
        "Operating Revenue": 2160036000.0
    }
}