{
    "2023-06-30": {
        "Tax Effect Of Unusual Items": -770800.0,
        "Tax Rate For Calcs": 0.188,
        "Normalized EBITDA": 225800000.0,
        "Total Unusual Items": -4100000.0,
        "Total Unusual Items Excluding Goodwill": -4100000.0,
        "Net Income From Continuing Operation Net Minority Interest": 155100000.0,
        "Reconciled Depreciation": 34100000.0,
        "Reconciled Cost Of Revenue": 462400000.0,
        "EBITDA": 221700000.0,
        "EBIT": 187600000.0,
        "Net Interest Income": 2300000.0,
        "Interest Expense": 2700000.0,
        "Interest Income": 5000000.0,
        "Normalized Income": 158429200.0,
        "Net Income From Continuing And Discontinued Operation": 155100000.0,
        "Total Expenses": 567300000.0,
        "Total Operating Income As Reported": 182500000.0,
        "Diluted Average Shares": 75400000.0,
        "Basic Average Shares": 74300000.0,
        "Diluted EPS": 2.06,
        "Basic EPS": 2.08,
        "Diluted NI Availto Com Stockholders": 155100000.0,
        "Net Income Common Stockholders": 155100000.0,
        "Net Income": 155100000.0,
        "Net Income Including Noncontrolling Interests": 155100000.0,
        "Net Income Continuous Operations": 155100000.0,
        "Earnings From Equity Interest Net Of Tax": 5000000.0,
        "Tax Provision": 34800000.0,
        "Pretax Income": 184900000.0,
        "Other Income Expense": -3900000.0,
        "Other Non Operating Income Expenses": 200000.0,
        "Special Income Charges": -3400000.0,
        "Gain On Sale Of Ppe": -2200000.0,
        "Impairment Of Capital Assets": 1500000.0,
        "Restructuring And Mergern Acquisition": -300000.0,
        "Gain On Sale Of Security": -700000.0,
        "Net Non Operating Interest Income Expense": 2300000.0,
        "Total Other Finance Cost": -2300000.0,
        "Interest Expense Non Operating": 2700000.0,
        "Interest Income Non Operating": 5000000.0,
        "Operating Income": 186500000.0,
        "Operating Expense": 104900000.0,
        "Other Operating Expenses": NaN,
        "Research And Development": 16500000.0,
        "Selling General And Administration": 88400000.0,
        "Gross Profit": 291400000.0,
        "Cost Of Revenue": 462400000.0,
        "Total Revenue": 753800000.0,
        "Operating Revenue": 753800000.0
    },
    "2023-03-31": {
        "Tax Effect Of Unusual Items": -1922100.0,
        "Tax Rate For Calcs": 0.149,
        "Normalized EBITDA": 204600000.0,
        "Total Unusual Items": -12900000.0,
        "Total Unusual Items Excluding Goodwill": -12900000.0,
        "Net Income From Continuing Operation Net Minority Interest": 140000000.0,
        "Reconciled Depreciation": 31600000.0,
        "Reconciled Cost Of Revenue": 445300000.0,
        "EBITDA": 191700000.0,
        "EBIT": 160100000.0,
        "Net Interest Income": 2600000.0,
        "Interest Expense": 2200000.0,
        "Interest Income": 4800000.0,
        "Normalized Income": 150977900.0,
        "Net Income From Continuing And Discontinued Operation": 140000000.0,
        "Total Expenses": 548400000.0,
        "Total Operating Income As Reported": 155300000.0,
        "Diluted Average Shares": 75700000.0,
        "Basic Average Shares": 74500000.0,
        "Diluted EPS": 1.85,
        "Basic EPS": 1.88,
        "Diluted NI Availto Com Stockholders": 140000000.0,
        "Net Income Common Stockholders": 140000000.0,
        "Net Income": 140000000.0,
        "Net Income Including Noncontrolling Interests": 140000000.0,
        "Net Income Continuous Operations": 140000000.0,
        "Earnings From Equity Interest Net Of Tax": 5700000.0,
        "Tax Provision": 23600000.0,
        "Pretax Income": 157900000.0,
        "Other Income Expense": -12900000.0,
        "Other Non Operating Income Expenses": NaN,
        "Special Income Charges": -11400000.0,
        "Gain On Sale Of Ppe": NaN,
        "Impairment Of Capital Assets": 11300000.0,
        "Restructuring And Mergern Acquisition": 100000.0,
        "Gain On Sale Of Security": -1500000.0,
        "Net Non Operating Interest Income Expense": 2600000.0,
        "Total Other Finance Cost": -2600000.0,
        "Interest Expense Non Operating": 2200000.0,
        "Interest Income Non Operating": 4800000.0,
        "Operating Income": 168200000.0,
        "Operating Expense": 103100000.0,
        "Other Operating Expenses": 12900000.0,
        "Research And Development": 17100000.0,
        "Selling General And Administration": 86000000.0,
        "Gross Profit": 271300000.0,
        "Cost Of Revenue": 445300000.0,
        "Total Revenue": 716600000.0,
        "Operating Revenue": 716600000.0
    },
    "2022-12-31": {
        "Tax Effect Of Unusual Items": -6175213.675214,
        "Tax Rate For Calcs": 0.224553,
        "Normalized EBITDA": 189000000.0,
        "Total Unusual Items": -27500000.0,
        "Total Unusual Items Excluding Goodwill": -27500000.0,
        "Net Income From Continuing Operation Net Minority Interest": 103000000.0,
        "Reconciled Depreciation": 31100000.0,
        "Reconciled Cost Of Revenue": 446600000.0,
        "EBITDA": 161500000.0,
        "EBIT": 130400000.0,
        "Net Interest Income": 1200000.0,
        "Interest Expense": 1700000.0,
        "Interest Income": 2900000.0,
        "Normalized Income": 124324786.324786,
        "Net Income From Continuing And Discontinued Operation": 103000000.0,
        "Total Expenses": 548200000.0,
        "Total Operating Income As Reported": 129700000.0,
        "Diluted Average Shares": 75600000.0,
        "Basic Average Shares": 74400000.0,
        "Diluted EPS": 1.36,
        "Basic EPS": 1.38,
        "Diluted NI Availto Com Stockholders": 103000000.0,
        "Net Income Common Stockholders": 103000000.0,
        "Net Income": 103000000.0,
        "Net Income Including Noncontrolling Interests": 103000000.0,
        "Net Income Continuous Operations": 103000000.0,
        "Earnings From Equity Interest Net Of Tax": 3200000.0,
        "Tax Provision": 28900000.0,
        "Pretax Income": 128700000.0,
        "Other Income Expense": -33000000.0,
        "Other Non Operating Income Expenses": -5500000.0,
        "Special Income Charges": -26900000.0,
        "Gain On Sale Of Ppe": NaN,
        "Impairment Of Capital Assets": 1100000.0,
        "Restructuring And Mergern Acquisition": 25800000.0,
        "Gain On Sale Of Security": -600000.0,
        "Net Non Operating Interest Income Expense": 1200000.0,
        "Total Other Finance Cost": -1200000.0,
        "Interest Expense Non Operating": 1700000.0,
        "Interest Income Non Operating": 2900000.0,
        "Operating Income": 160500000.0,
        "Operating Expense": 101600000.0,
        "Other Operating Expenses": 30800000.0,
        "Research And Development": 15900000.0,
        "Selling General And Administration": 85700000.0,
        "Gross Profit": 262100000.0,
        "Cost Of Revenue": 446600000.0,
        "Total Revenue": 708700000.0,
        "Operating Revenue": 708700000.0
    },
    "2022-09-30": {
        "Tax Effect Of Unusual Items": -105000.0,
        "Tax Rate For Calcs": 0.15,
        "Normalized EBITDA": 168900000.0,
        "Total Unusual Items": -700000.0,
        "Total Unusual Items Excluding Goodwill": -700000.0,
        "Net Income From Continuing Operation Net Minority Interest": 120600000.0,
        "Reconciled Depreciation": 29800000.0,
        "Reconciled Cost Of Revenue": 418900000.0,
        "EBITDA": 168200000.0,
        "EBIT": 138400000.0,
        "Net Interest Income": -700000.0,
        "Interest Expense": 2200000.0,
        "Interest Income": 1500000.0,
        "Normalized Income": 121195000.0,
        "Net Income From Continuing And Discontinued Operation": 120600000.0,
        "Total Expenses": 498800000.0,
        "Total Operating Income As Reported": 186200000.0,
        "Diluted Average Shares": 75700000.0,
        "Basic Average Shares": 74400000.0,
        "Diluted EPS": 1.59,
        "Basic EPS": 1.62,
        "Diluted NI Availto Com Stockholders": 120600000.0,
        "Net Income Common Stockholders": 120600000.0,
        "Net Income": 120600000.0,
        "Net Income Including Noncontrolling Interests": 120600000.0,
        "Net Income Continuous Operations": 120600000.0,
        "Earnings From Equity Interest Net Of Tax": 4800000.0,
        "Tax Provision": 20400000.0,
        "Pretax Income": 136200000.0,
        "Other Income Expense": -51200000.0,
        "Other Non Operating Income Expenses": -50500000.0,
        "Special Income Charges": -2900000.0,
        "Gain On Sale Of Ppe": NaN,
        "Impairment Of Capital Assets": 1400000.0,
        "Restructuring And Mergern Acquisition": 1500000.0,
        "Gain On Sale Of Security": 2200000.0,
        "Net Non Operating Interest Income Expense": -700000.0,
        "Total Other Finance Cost": NaN,
        "Interest Expense Non Operating": 2200000.0,
        "Interest Income Non Operating": 1500000.0,
        "Operating Income": 188100000.0,
        "Operating Expense": 79900000.0,
        "Other Operating Expenses": NaN,
        "Research And Development": 13600000.0,
        "Selling General And Administration": 66300000.0,
        "Gross Profit": 268000000.0,
        "Cost Of Revenue": 418900000.0,
        "Total Revenue": 686900000.0,
        "Operating Revenue": 686900000.0
    },
    "2022-06-30": {
        "Tax Effect Of Unusual Items": 468000.0,
        "Tax Rate For Calcs": 0.195,
        "Normalized EBITDA": 257100000.0,
        "Total Unusual Items": 2400000.0,
        "Total Unusual Items Excluding Goodwill": 2400000.0,
        "Net Income From Continuing Operation Net Minority Interest": 188500000.0,
        "Reconciled Depreciation": 30100000.0,
        "Reconciled Cost Of Revenue": 449800000.0,
        "EBITDA": 259500000.0,
        "EBIT": 229400000.0,
        "Net Interest Income": -2200000.0,
        "Interest Expense": 2200000.0,
        "Interest Income": NaN,
        "Normalized Income": 186568000.0,
        "Net Income From Continuing And Discontinued Operation": 188500000.0,
        "Total Expenses": 545700000.0,
        "Total Operating Income As Reported": 228400000.0,
        "Diluted Average Shares": 75800000.0,
        "Basic Average Shares": 74400000.0,
        "Diluted EPS": 2.48,
        "Basic EPS": 2.53,
        "Diluted NI Availto Com Stockholders": 188500000.0,
        "Net Income Common Stockholders": 188500000.0,
        "Net Income": 188500000.0,
        "Net Income Including Noncontrolling Interests": 188500000.0,
        "Net Income Continuous Operations": 188500000.0,
        "Earnings From Equity Interest Net Of Tax": 5500000.0,
        "Tax Provision": 44200000.0,
        "Pretax Income": 227200000.0,
        "Other Income Expense": 3000000.0,
        "Other Non Operating Income Expenses": 600000.0,
        "Special Income Charges": 1100000.0,
        "Gain On Sale Of Ppe": NaN,
        "Impairment Of Capital Assets": 200000.0,
        "Restructuring And Mergern Acquisition": -1300000.0,
        "Gain On Sale Of Security": 1300000.0,
        "Net Non Operating Interest Income Expense": -2200000.0,
        "Total Other Finance Cost": NaN,
        "Interest Expense Non Operating": 2200000.0,
        "Interest Income Non Operating": NaN,
        "Operating Income": 225600000.0,
        "Operating Expense": 95900000.0,
        "Other Operating Expenses": NaN,
        "Research And Development": 14400000.0,
        "Selling General And Administration": 81500000.0,
        "Gross Profit": 321500000.0,
        "Cost Of Revenue": 449800000.0,
        "Total Revenue": 771300000.0,
        "Operating Revenue": 771300000.0
    },
    "2022-03-31": {
        "Diluted EPS": 2.29,
        "Total Revenue": 720,
        "Gross Profit": 285,
        "Operating Income": 190,
        "EBIT": 219,
        "Net Income": 174
    },
    "2021-12-31": {
        "Diluted EPS": 1.9,
        "Total Revenue": 731,
        "Gross Profit": 301,
        "Operating Income": 184,
        "EBIT": 218,
        "Net Income": 148
    },
    "2021-09-30": {
        "Diluted EPS": 2.31,
        "Total Revenue": 707,
        "Gross Profit": 288,
        "Operating Income": 181,
        "EBIT": 211,
        "Net Income": 176
    },
    "2021-06-30": {
        "Diluted EPS": 2.47,
        "Total Revenue": 724,
        "Gross Profit": 315,
        "Operating Income": 211,
        "EBIT": 240,
        "Net Income": 187
    },
    "2021-03-31": {
        "Diluted EPS": 1.99,
        "Total Revenue": 671,
        "Gross Profit": 272,
        "Operating Income": 176,
        "EBIT": 205,
        "Net Income": 151
    },
    "2020-12-31": {
        "Diluted EPS": 1.28,
        "Total Revenue": 580,
        "Gross Profit": 211,
        "Operating Income": 116,
        "EBIT": 145,
        "Net Income": 98
    },
    "2020-09-30": {
        "Diluted EPS": 1.09,
        "Total Revenue": 548,
        "Gross Profit": 195,
        "Operating Income": 99,
        "EBIT": 128,
        "Net Income": 82
    },
    "2020-06-30": {
        "Diluted EPS": 1.21,
        "Total Revenue": 527,
        "Gross Profit": 195,
        "Operating Income": 104,
        "EBIT": 130,
        "Net Income": 91
    },
    "2020-03-31": {
        "Diluted EPS": 0.99,
        "Total Revenue": 492,
        "Gross Profit": 167,
        "Operating Income": 88,
        "EBIT": 114,
        "Net Income": 74
    },
    "2019-12-31": {
        "Diluted EPS": 0.85,
        "Total Revenue": 471,
        "Gross Profit": 153,
        "Operating Income": 78,
        "EBIT": 104,
        "Net Income": 64
    },
    "2019-09-30": {
        "Diluted EPS": 0.75,
        "Total Revenue": 456,
        "Gross Profit": 148,
        "Operating Income": 67,
        "EBIT": 93,
        "Net Income": 56
    },
    "2019-06-30": {
        "Diluted EPS": 0.88,
        "Total Revenue": 470,
        "Gross Profit": 158,
        "Operating Income": 81,
        "EBIT": 107,
        "Net Income": 66
    },
    "2019-03-31": {
        "Diluted EPS": 0.73,
        "Total Revenue": 444,
        "Gross Profit": 147,
        "Operating Income": 71,
        "EBIT": 96,
        "Net Income": 55
    },
    "2018-12-31": {
        "Diluted EPS": 0.68,
        "Total Revenue": 423,
        "Gross Profit": 133,
        "Operating Income": 66,
        "EBIT": 92,
        "Net Income": 52
    },
    "2018-09-30": {
        "Diluted EPS": 0.73,
        "Total Revenue": 432,
        "Gross Profit": 136,
        "Operating Income": 61,
        "EBIT": 87,
        "Net Income": 55
    },
    "2018-06-30": {
        "Diluted EPS": 0.75,
        "Total Revenue": 448,
        "Gross Profit": 142,
        "Operating Income": 60,
        "EBIT": 86,
        "Net Income": 56
    },
    "2018-03-31": {
        "Diluted EPS": 0.58,
        "Total Revenue": 416,
        "Gross Profit": 134,
        "Operating Income": 53,
        "EBIT": 80,
        "Net Income": 44
    },
    "2017-12-31": {
        "Diluted EPS": 0.0,
        "Total Revenue": 416,
        "Gross Profit": 129,
        "Operating Income": 60,
        "EBIT": 85,
        "Net Income": 0
    },
    "2017-09-30": {
        "Diluted EPS": 0.67,
        "Total Revenue": 398,
        "Gross Profit": 125,
        "Operating Income": 63,
        "EBIT": 88,
        "Net Income": 51
    },
    "2017-06-30": {
        "Diluted EPS": 0.51,
        "Total Revenue": 398,
        "Gross Profit": 125,
        "Operating Income": 42,
        "EBIT": 66,
        "Net Income": 39
    },
    "2017-03-31": {
        "Diluted EPS": 0.81,
        "Total Revenue": 388,
        "Gross Profit": 134,
        "Operating Income": 61,
        "EBIT": 84,
        "Net Income": 61
    },
    "2016-12-31": {
        "Diluted EPS": 0.51,
        "Total Revenue": 382,
        "Gross Profit": 124,
        "Operating Income": 53,
        "EBIT": 76,
        "Net Income": 39
    },
    "2016-09-30": {
        "Diluted EPS": 0.5,
        "Total Revenue": 377,
        "Gross Profit": 121,
        "Operating Income": 51,
        "EBIT": 74,
        "Net Income": 38
    },
    "2016-06-30": {
        "Diluted EPS": 0.6,
        "Total Revenue": 388,
        "Gross Profit": 133,
        "Operating Income": 61,
        "EBIT": 84,
        "Net Income": 45
    },
    "2016-03-31": {
        "Diluted EPS": 0.3,
        "Total Revenue": 362,
        "Gross Profit": 123,
        "Operating Income": 30,
        "EBIT": 52,
        "Net Income": 22
    },
    "2015-12-31": {
        "Diluted EPS": 0.45,
        "Total Revenue": 360,
        "Gross Profit": 120,
        "Operating Income": 45,
        "EBIT": 69,
        "Net Income": 33
    },
    "2015-09-30": {
        "Diluted EPS": 0.02,
        "Total Revenue": 345,
        "Gross Profit": 108,
        "Operating Income": -4,
        "EBIT": 19,
        "Net Income": 2
    },
    "2015-06-30": {
        "Diluted EPS": 0.38,
        "Total Revenue": 360,
        "Gross Profit": 118,
        "Operating Income": 39,
        "EBIT": 61,
        "Net Income": 28
    },
    "2015-03-31": {
        "Diluted EPS": 0.45,
        "Total Revenue": 336,
        "Gross Profit": 110,
        "Operating Income": 48,
        "EBIT": 70,
        "Net Income": 33
    },
    "2014-12-31": {
        "Diluted EPS": 0.42,
        "Total Revenue": 350,
        "Gross Profit": 110,
        "Operating Income": 45,
        "EBIT": 67,
        "Net Income": 31
    },
    "2014-09-30": {
        "Diluted EPS": 0.43,
        "Total Revenue": 356,
        "Gross Profit": 110,
        "Operating Income": 44,
        "EBIT": 67,
        "Net Income": 31
    },
    "2014-06-30": {
        "Diluted EPS": 0.52,
        "Total Revenue": 369,
        "Gross Profit": 122,
        "Operating Income": 54,
        "EBIT": 77,
        "Net Income": 38
    },
    "2014-03-31": {
        "Diluted EPS": 0.38,
        "Total Revenue": 347,
        "Gross Profit": 106,
        "Operating Income": 39,
        "EBIT": 61,
        "Net Income": 27
    },
    "2013-12-31": {
        "Diluted EPS": 0.32,
        "Total Revenue": 343,
        "Gross Profit": 107,
        "Operating Income": 37,
        "EBIT": 59,
        "Net Income": 24
    },
    "2013-09-30": {
        "Diluted EPS": 0.37,
        "Total Revenue": 342,
        "Gross Profit": 106,
        "Operating Income": 40,
        "EBIT": 62,
        "Net Income": 27
    },
    "2013-06-30": {
        "Diluted EPS": 0.43,
        "Total Revenue": 345,
        "Gross Profit": 111,
        "Operating Income": 43,
        "EBIT": 63,
        "Net Income": 30
    },
    "2013-03-31": {
        "Diluted EPS": 0.45,
        "Total Revenue": 339,
        "Gross Profit": 112,
        "Operating Income": 43,
        "EBIT": 64,
        "Net Income": 32
    },
    "2012-12-31": {
        "Diluted EPS": 0.31,
        "Total Revenue": 322,
        "Gross Profit": 98,
        "Operating Income": 32,
        "EBIT": 52,
        "Net Income": 21
    },
    "2012-09-30": {
        "Diluted EPS": 0.21,
        "Total Revenue": 304,
        "Gross Profit": 90,
        "Operating Income": 26,
        "EBIT": 46,
        "Net Income": 15
    },
    "2012-06-30": {
        "Diluted EPS": 0.23,
        "Total Revenue": 325,
        "Gross Profit": 99,
        "Operating Income": 36,
        "EBIT": 54,
        "Net Income": 16
    },
    "2012-03-31": {
        "Diluted EPS": 0.41,
        "Total Revenue": 316,
        "Gross Profit": 101,
        "Operating Income": 42,
        "EBIT": 60,
        "Net Income": 29
    },
    "2011-12-31": {
        "Diluted EPS": 0.27,
        "Total Revenue": 295,
        "Gross Profit": 85,
        "Operating Income": 27,
        "EBIT": 45,
        "Net Income": 19
    },
    "2011-09-30": {
        "Diluted EPS": 0.25,
        "Total Revenue": 294,
        "Gross Profit": 81,
        "Operating Income": 26,
        "EBIT": 45,
        "Net Income": 17
    },
    "2011-06-30": {
        "Diluted EPS": 0.29,
        "Total Revenue": 308,
        "Gross Profit": 85,
        "Operating Income": 28,
        "EBIT": 47,
        "Net Income": 20
    },
    "2011-03-31": {
        "Diluted EPS": 0.28,
        "Total Revenue": 295,
        "Gross Profit": 88,
        "Operating Income": 29,
        "EBIT": 48,
        "Net Income": 20
    },
    "2010-12-31": {
        "Diluted EPS": 0.1,
        "Total Revenue": 277,
        "Gross Profit": 78,
        "Operating Income": 6,
        "EBIT": 26,
        "Net Income": 6
    },
    "2010-09-30": {
        "Diluted EPS": 0.26,
        "Total Revenue": 271,
        "Gross Profit": 75,
        "Operating Income": 25,
        "EBIT": 44,
        "Net Income": 18
    },
    "2010-06-30": {
        "Diluted EPS": 0.31,
        "Total Revenue": 282,
        "Gross Profit": 83,
        "Operating Income": 31,
        "EBIT": 48,
        "Net Income": 22
    },
    "2010-03-31": {
        "Diluted EPS": 0.29,
        "Total Revenue": 275,
        "Gross Profit": 82,
        "Operating Income": 29,
        "EBIT": 47,
        "Net Income": 20
    },
    "2009-12-31": {
        "Diluted EPS": 0.3,
        "Total Revenue": 293,
        "Gross Profit": 84,
        "Operating Income": 22,
        "EBIT": 40,
        "Net Income": 20
    },
    "2009-09-30": {
        "Diluted EPS": 0.25,
        "Total Revenue": 259,
        "Gross Profit": 72,
        "Operating Income": 26,
        "EBIT": 44,
        "Net Income": 17
    },
    "2009-06-30": {
        "Diluted EPS": 0.29,
        "Total Revenue": 261,
        "Gross Profit": 79,
        "Operating Income": 29,
        "EBIT": 45,
        "Net Income": 20
    },
    "2009-03-31": {
        "Diluted EPS": 0.23,
        "Total Revenue": 242,
        "Gross Profit": 69,
        "Operating Income": 21,
        "EBIT": 36,
        "Net Income": 15
    },
    "2023-09-30": {
        "Tax Effect Of Unusual Items": -863500.0,
        "Tax Rate For Calcs": 0.157,
        "Normalized EBITDA": 231100000.0,
        "Total Unusual Items": -5500000.0,
        "Total Unusual Items Excluding Goodwill": -5500000.0,
        "Net Income From Continuing Operation Net Minority Interest": 161300000.0,
        "Reconciled Depreciation": 35700000.0,
        "Reconciled Cost Of Revenue": 459100000.0,
        "EBITDA": 225600000.0,
        "EBIT": 189900000.0,
        "Net Interest Income": 5900000.0,
        "Interest Expense": 2900000.0,
        "Interest Income": 8800000.0,
        "Normalized Income": 165936500.0,
        "Net Income From Continuing And Discontinued Operation": 161300000.0,
        "Total Expenses": 564500000.0,
        "Total Operating Income As Reported": 177300000.0,
        "Diluted Average Shares": 75300000.0,
        "Basic Average Shares": 74300000.0,
        "Diluted EPS": 2.14,
        "Basic EPS": 2.17,
        "Diluted NI Availto Com Stockholders": 161300000.0,
        "Net Income Common Stockholders": 161300000.0,
        "Net Income": 161300000.0,
        "Net Income Including Noncontrolling Interests": 161300000.0,
        "Net Income Continuous Operations": 161300000.0,
        "Earnings From Equity Interest Net Of Tax": 3700000.0,
        "Tax Provision": 29400000.0,
        "Pretax Income": 187000000.0,
        "Other Income Expense": -1800000.0,
        "Other Non Operating Income Expenses": 3700000.0,
        "Special Income Charges": -4200000.0,
        "Gain On Sale Of Ppe": 0.0,
        "Impairment Of Capital Assets": 3500000.0,
        "Restructuring And Mergern Acquisition": 700000.0,
        "Gain On Sale Of Security": -1300000.0,
        "Net Non Operating Interest Income Expense": 5900000.0,
        "Total Other Finance Cost": -5900000.0,
        "Interest Expense Non Operating": 2900000.0,
        "Interest Income Non Operating": 8800000.0,
        "Operating Income": 182900000.0,
        "Operating Expense": 105400000.0,
        "Other Operating Expenses": NaN,
        "Research And Development": 16400000.0,
        "Selling General And Administration": 89000000.0,
        "Gross Profit": 288300000.0,
        "Cost Of Revenue": 459100000.0,
        "Total Revenue": 747400000.0,
        "Operating Revenue": 747400000.0
    }
}