{
    "2023-06-30": {
        "Tax Effect Of Unusual Items": -11527.012128,
        "Tax Rate For Calcs": 0.192117,
        "Total Unusual Items": -60000.0,
        "Total Unusual Items Excluding Goodwill": -60000.0,
        "Net Income From Continuing Operation Net Minority Interest": 5862000.0,
        "Reconciled Depreciation": 404000.0,
        "Net Interest Income": 17341000.0,
        "Interest Expense": 22010000.0,
        "Interest Income": 39351000.0,
        "Normalized Income": 5910472.987872,
        "Net Income From Continuing And Discontinued Operation": 5862000.0,
        "Diluted Average Shares": 16756000.0,
        "Basic Average Shares": 16722000.0,
        "Diluted EPS": 0.35,
        "Basic EPS": 0.35,
        "Diluted NI Availto Com Stockholders": 5862000.0,
        "Net Income Common Stockholders": 5862000.0,
        "Net Income": 5862000.0,
        "Net Income Including Noncontrolling Interests": 5862000.0,
        "Net Income Continuous Operations": 5862000.0,
        "Tax Provision": 1394000.0,
        "Pretax Income": 7256000.0,
        "Special Income Charges": -60000.0,
        "Other Special Charges": 60000.0,
        "Gain On Sale Of Security": NaN,
        "Selling General And Administration": 7957000.0,
        "Selling And Marketing Expense": 40000.0,
        "General And Administrative Expense": 7917000.0,
        "Other Gand A": NaN,
        "Insurance And Claims": 637000.0,
        "Salaries And Wages": 7280000.0,
        "Total Revenue": 19592000.0,
        "Operating Revenue": 19592000.0,
        "Occupancy And Equipment": 1322000.0,
        "Professional Expense And Contract Services Expense": 357000.0,
        "Other Non Interest Expense": 2640000.0
    },
    "2023-03-31": {
        "Tax Effect Of Unusual Items": NaN,
        "Tax Rate For Calcs": NaN,
        "Total Unusual Items": NaN,
        "Total Unusual Items Excluding Goodwill": NaN,
        "Net Income From Continuing Operation Net Minority Interest": NaN,
        "Reconciled Depreciation": NaN,
        "Net Interest Income": NaN,
        "Interest Expense": NaN,
        "Interest Income": NaN,
        "Normalized Income": NaN,
        "Net Income From Continuing And Discontinued Operation": NaN,
        "Diluted Average Shares": NaN,
        "Basic Average Shares": NaN,
        "Diluted EPS": NaN,
        "Basic EPS": NaN,
        "Diluted NI Availto Com Stockholders": NaN,
        "Net Income Common Stockholders": NaN,
        "Net Income": NaN,
        "Net Income Including Noncontrolling Interests": NaN,
        "Net Income Continuous Operations": NaN,
        "Tax Provision": NaN,
        "Pretax Income": NaN,
        "Special Income Charges": NaN,
        "Other Special Charges": 60000.0,
        "Gain On Sale Of Security": NaN,
        "Selling General And Administration": NaN,
        "Selling And Marketing Expense": NaN,
        "General And Administrative Expense": NaN,
        "Other Gand A": NaN,
        "Insurance And Claims": NaN,
        "Salaries And Wages": NaN,
        "Total Revenue": NaN,
        "Operating Revenue": NaN,
        "Occupancy And Equipment": NaN,
        "Professional Expense And Contract Services Expense": NaN,
        "Other Non Interest Expense": NaN
    },
    "2022-12-31": {
        "Tax Effect Of Unusual Items": NaN,
        "Tax Rate For Calcs": NaN,
        "Total Unusual Items": NaN,
        "Total Unusual Items Excluding Goodwill": NaN,
        "Net Income From Continuing Operation Net Minority Interest": NaN,
        "Reconciled Depreciation": NaN,
        "Net Interest Income": NaN,
        "Interest Expense": NaN,
        "Interest Income": NaN,
        "Normalized Income": NaN,
        "Net Income From Continuing And Discontinued Operation": NaN,
        "Diluted Average Shares": NaN,
        "Basic Average Shares": NaN,
        "Diluted EPS": NaN,
        "Basic EPS": NaN,
        "Diluted NI Availto Com Stockholders": NaN,
        "Net Income Common Stockholders": NaN,
        "Net Income": NaN,
        "Net Income Including Noncontrolling Interests": NaN,
        "Net Income Continuous Operations": NaN,
        "Tax Provision": NaN,
        "Pretax Income": NaN,
        "Special Income Charges": NaN,
        "Other Special Charges": NaN,
        "Gain On Sale Of Security": 0.0,
        "Selling General And Administration": NaN,
        "Selling And Marketing Expense": NaN,
        "General And Administrative Expense": NaN,
        "Other Gand A": -1406000.0,
        "Insurance And Claims": NaN,
        "Salaries And Wages": NaN,
        "Total Revenue": NaN,
        "Operating Revenue": NaN,
        "Occupancy And Equipment": NaN,
        "Professional Expense And Contract Services Expense": NaN,
        "Other Non Interest Expense": NaN
    },
    "2022-09-30": {
        "Tax Effect Of Unusual Items": NaN,
        "Tax Rate For Calcs": NaN,
        "Total Unusual Items": NaN,
        "Total Unusual Items Excluding Goodwill": NaN,
        "Net Income From Continuing Operation Net Minority Interest": NaN,
        "Reconciled Depreciation": NaN,
        "Net Interest Income": NaN,
        "Interest Expense": NaN,
        "Interest Income": NaN,
        "Normalized Income": NaN,
        "Net Income From Continuing And Discontinued Operation": NaN,
        "Diluted Average Shares": NaN,
        "Basic Average Shares": NaN,
        "Diluted EPS": NaN,
        "Basic EPS": NaN,
        "Diluted NI Availto Com Stockholders": NaN,
        "Net Income Common Stockholders": NaN,
        "Net Income": NaN,
        "Net Income Including Noncontrolling Interests": NaN,
        "Net Income Continuous Operations": NaN,
        "Tax Provision": NaN,
        "Pretax Income": NaN,
        "Special Income Charges": NaN,
        "Other Special Charges": NaN,
        "Gain On Sale Of Security": 0.0,
        "Selling General And Administration": NaN,
        "Selling And Marketing Expense": NaN,
        "General And Administrative Expense": NaN,
        "Other Gand A": 1295000.0,
        "Insurance And Claims": NaN,
        "Salaries And Wages": NaN,
        "Total Revenue": NaN,
        "Operating Revenue": NaN
    },
    "2022-06-30": {
        "Tax Effect Of Unusual Items": 0.0,
        "Tax Rate For Calcs": 0.2549,
        "Total Unusual Items": 0.0,
        "Total Unusual Items Excluding Goodwill": 0.0,
        "Net Income From Continuing Operation Net Minority Interest": 12667000.0,
        "Reconciled Depreciation": 1116000.0,
        "Net Interest Income": 24239000.0,
        "Interest Expense": 4658000.0,
        "Interest Income": 28897000.0,
        "Normalized Income": 12667000.0,
        "Net Income From Continuing And Discontinued Operation": 12667000.0,
        "Diluted Average Shares": 16783000.0,
        "Basic Average Shares": 16638000.0,
        "Diluted EPS": 0.75,
        "Basic EPS": 0.76,
        "Diluted NI Availto Com Stockholders": 12667000.0,
        "Net Income Common Stockholders": 12667000.0,
        "Net Income": 12667000.0,
        "Net Income Including Noncontrolling Interests": 12667000.0,
        "Net Income Continuous Operations": 12667000.0,
        "Tax Provision": 4334000.0,
        "Pretax Income": 17001000.0,
        "Special Income Charges": 0.0,
        "Other Special Charges": NaN,
        "Gain On Sale Of Security": 0.0,
        "Selling General And Administration": 8586000.0,
        "Selling And Marketing Expense": 70000.0,
        "General And Administrative Expense": 8516000.0,
        "Other Gand A": 1439000.0,
        "Insurance And Claims": 445000.0,
        "Salaries And Wages": 6632000.0,
        "Total Revenue": 26379000.0,
        "Operating Revenue": 26379000.0
    },
    "2022-03-31": {
        "Diluted EPS": 0.78,
        "Total Revenue": 30,
        "Gross Profit": 26,
        "Operating Income": 16,
        "EBIT": NaN,
        "Net Income": 13
    },
    "2021-12-31": {
        "Diluted EPS": 0.7,
        "Total Revenue": 30,
        "Gross Profit": 27,
        "Operating Income": 15,
        "EBIT": NaN,
        "Net Income": 12
    },
    "2021-09-30": {
        "Diluted EPS": 0.76,
        "Total Revenue": 30,
        "Gross Profit": 27,
        "Operating Income": 16,
        "EBIT": NaN,
        "Net Income": 13
    },
    "2021-06-30": {
        "Diluted EPS": 0.79,
        "Total Revenue": 28,
        "Gross Profit": 25,
        "Operating Income": 17,
        "EBIT": NaN,
        "Net Income": 13
    },
    "2021-03-31": {
        "Diluted EPS": 0.7,
        "Total Revenue": 29,
        "Gross Profit": 26,
        "Operating Income": 15,
        "EBIT": NaN,
        "Net Income": 12
    },
    "2020-12-31": {
        "Diluted EPS": 0.52,
        "Total Revenue": 28,
        "Gross Profit": 25,
        "Operating Income": 11,
        "EBIT": NaN,
        "Net Income": 9
    },
    "2020-09-30": {
        "Diluted EPS": 0.49,
        "Total Revenue": 28,
        "Gross Profit": 24,
        "Operating Income": 10,
        "EBIT": NaN,
        "Net Income": 8
    },
    "2020-06-30": {
        "Diluted EPS": 0.48,
        "Total Revenue": 26,
        "Gross Profit": 23,
        "Operating Income": 10,
        "EBIT": NaN,
        "Net Income": 8
    },
    "2020-03-31": {
        "Diluted EPS": 0.49,
        "Total Revenue": 28,
        "Gross Profit": 21,
        "Operating Income": 10,
        "EBIT": NaN,
        "Net Income": 8
    },
    "2019-12-31": {
        "Diluted EPS": 0.45,
        "Total Revenue": 27,
        "Gross Profit": 19,
        "Operating Income": 10,
        "EBIT": NaN,
        "Net Income": 8
    },
    "2019-09-30": {
        "Diluted EPS": 0.46,
        "Total Revenue": 28,
        "Gross Profit": 19,
        "Operating Income": 9,
        "EBIT": NaN,
        "Net Income": 8
    },
    "2019-06-30": {
        "Diluted EPS": 0.41,
        "Total Revenue": 26,
        "Gross Profit": 18,
        "Operating Income": 8,
        "EBIT": NaN,
        "Net Income": 7
    },
    "2019-03-31": {
        "Diluted EPS": 0.42,
        "Total Revenue": 26,
        "Gross Profit": 18,
        "Operating Income": 8,
        "EBIT": NaN,
        "Net Income": 7
    },
    "2018-12-31": {
        "Diluted EPS": 0.45,
        "Total Revenue": 24,
        "Gross Profit": 17,
        "Operating Income": 8,
        "EBIT": NaN,
        "Net Income": 7
    },
    "2018-09-30": {
        "Diluted EPS": 0.43,
        "Total Revenue": 24,
        "Gross Profit": 18,
        "Operating Income": 10,
        "EBIT": NaN,
        "Net Income": 7
    },
    "2018-06-30": {
        "Diluted EPS": 0.41,
        "Total Revenue": 23,
        "Gross Profit": 17,
        "Operating Income": 9,
        "EBIT": NaN,
        "Net Income": 7
    },
    "2018-03-31": {
        "Diluted EPS": 0.45,
        "Total Revenue": 22,
        "Gross Profit": 17,
        "Operating Income": 9,
        "EBIT": NaN,
        "Net Income": 7
    },
    "2017-12-31": {
        "Diluted EPS": 0.26,
        "Total Revenue": 21,
        "Gross Profit": 17,
        "Operating Income": 9,
        "EBIT": NaN,
        "Net Income": 4
    },
    "2017-09-30": {
        "Diluted EPS": 0.39,
        "Total Revenue": 21,
        "Gross Profit": 17,
        "Operating Income": 9,
        "EBIT": NaN,
        "Net Income": 6
    },
    "2017-06-30": {
        "Diluted EPS": 0.39,
        "Total Revenue": 20,
        "Gross Profit": 17,
        "Operating Income": 9,
        "EBIT": NaN,
        "Net Income": 6
    },
    "2017-03-31": {
        "Diluted EPS": 0.37,
        "Total Revenue": 19,
        "Gross Profit": 17,
        "Operating Income": 9,
        "EBIT": NaN,
        "Net Income": 6
    },
    "2016-12-31": {
        "Diluted EPS": 0.37,
        "Total Revenue": 18,
        "Gross Profit": 16,
        "Operating Income": 9,
        "EBIT": NaN,
        "Net Income": 6
    },
    "2016-09-30": {
        "Diluted EPS": 0.36,
        "Total Revenue": 19,
        "Gross Profit": 17,
        "Operating Income": 8,
        "EBIT": NaN,
        "Net Income": 6
    },
    "2016-06-30": {
        "Diluted EPS": 0.34,
        "Total Revenue": 18,
        "Gross Profit": 16,
        "Operating Income": 8,
        "EBIT": NaN,
        "Net Income": 5
    },
    "2016-03-31": {
        "Diluted EPS": 0.35,
        "Total Revenue": 18,
        "Gross Profit": 16,
        "Operating Income": 8,
        "EBIT": NaN,
        "Net Income": 6
    },
    "2015-12-31": {
        "Diluted EPS": 0.36,
        "Total Revenue": 18,
        "Gross Profit": 17,
        "Operating Income": 9,
        "EBIT": NaN,
        "Net Income": 6
    },
    "2015-09-30": {
        "Diluted EPS": 0.34,
        "Total Revenue": 17,
        "Gross Profit": 16,
        "Operating Income": 8,
        "EBIT": NaN,
        "Net Income": 5
    },
    "2015-06-30": {
        "Diluted EPS": 0.33,
        "Total Revenue": 17,
        "Gross Profit": 15,
        "Operating Income": 8,
        "EBIT": NaN,
        "Net Income": 5
    },
    "2015-03-31": {
        "Diluted EPS": 0.32,
        "Total Revenue": 16,
        "Gross Profit": 15,
        "Operating Income": 7,
        "EBIT": NaN,
        "Net Income": 5
    },
    "2014-12-31": {
        "Diluted EPS": 0.36,
        "Total Revenue": 17,
        "Gross Profit": 16,
        "Operating Income": 6,
        "EBIT": NaN,
        "Net Income": 6
    },
    "2014-09-30": {
        "Diluted EPS": 0.32,
        "Total Revenue": 16,
        "Gross Profit": 15,
        "Operating Income": 7,
        "EBIT": NaN,
        "Net Income": 5
    },
    "2014-06-30": {
        "Diluted EPS": 0.3,
        "Total Revenue": 16,
        "Gross Profit": 14,
        "Operating Income": 7,
        "EBIT": NaN,
        "Net Income": 5
    },
    "2014-03-31": {
        "Diluted EPS": 0.27,
        "Total Revenue": 16,
        "Gross Profit": 14,
        "Operating Income": 6,
        "EBIT": NaN,
        "Net Income": 4
    },
    "2013-12-31": {
        "Diluted EPS": 0.27,
        "Total Revenue": 16,
        "Gross Profit": 14,
        "Operating Income": 6,
        "EBIT": NaN,
        "Net Income": 4
    },
    "2013-09-30": {
        "Diluted EPS": 0.27,
        "Total Revenue": 16,
        "Gross Profit": 14,
        "Operating Income": 6,
        "EBIT": NaN,
        "Net Income": 4
    },
    "2013-06-30": {
        "Diluted EPS": 0.25,
        "Total Revenue": 15,
        "Gross Profit": 14,
        "Operating Income": 6,
        "EBIT": NaN,
        "Net Income": 4
    },
    "2013-03-31": {
        "Diluted EPS": 0.23,
        "Total Revenue": 15,
        "Gross Profit": 13,
        "Operating Income": 6,
        "EBIT": NaN,
        "Net Income": 4
    },
    "2012-12-31": {
        "Diluted EPS": 0.22,
        "Total Revenue": 15,
        "Gross Profit": 13,
        "Operating Income": 6,
        "EBIT": NaN,
        "Net Income": 4
    },
    "2012-09-30": {
        "Diluted EPS": 0.22,
        "Total Revenue": 15,
        "Gross Profit": 13,
        "Operating Income": 5,
        "EBIT": NaN,
        "Net Income": 4
    },
    "2012-06-30": {
        "Diluted EPS": 0.25,
        "Total Revenue": 16,
        "Gross Profit": 14,
        "Operating Income": 6,
        "EBIT": NaN,
        "Net Income": 4
    },
    "2012-03-31": {
        "Diluted EPS": 0.23,
        "Total Revenue": 15,
        "Gross Profit": 13,
        "Operating Income": 6,
        "EBIT": NaN,
        "Net Income": 4
    },
    "2011-12-31": {
        "Diluted EPS": 0.21,
        "Total Revenue": 15,
        "Gross Profit": 13,
        "Operating Income": 5,
        "EBIT": NaN,
        "Net Income": 4
    },
    "2011-09-30": {
        "Diluted EPS": 0.18,
        "Total Revenue": 16,
        "Gross Profit": 13,
        "Operating Income": 4,
        "EBIT": NaN,
        "Net Income": 3
    },
    "2011-06-30": {
        "Diluted EPS": 0.12,
        "Total Revenue": 16,
        "Gross Profit": 13,
        "Operating Income": 6,
        "EBIT": NaN,
        "Net Income": 2
    },
    "2011-03-31": {
        "Diluted EPS": 0.23,
        "Total Revenue": 16,
        "Gross Profit": 13,
        "Operating Income": 6,
        "EBIT": NaN,
        "Net Income": 4
    },
    "2010-12-31": {
        "Diluted EPS": 0.17,
        "Total Revenue": 17,
        "Gross Profit": 13,
        "Operating Income": 5,
        "EBIT": NaN,
        "Net Income": 3
    },
    "2010-09-30": {
        "Diluted EPS": 0.19,
        "Total Revenue": 18,
        "Gross Profit": 14,
        "Operating Income": 5,
        "EBIT": NaN,
        "Net Income": 3
    },
    "2010-06-30": {
        "Diluted EPS": 0.12,
        "Total Revenue": 18,
        "Gross Profit": 13,
        "Operating Income": 4,
        "EBIT": NaN,
        "Net Income": 2
    },
    "2010-03-31": {
        "Diluted EPS": 0.16,
        "Total Revenue": 18,
        "Gross Profit": 12,
        "Operating Income": 4,
        "EBIT": NaN,
        "Net Income": 3
    },
    "2009-12-31": {
        "Diluted EPS": 0.13,
        "Total Revenue": 18,
        "Gross Profit": 12,
        "Operating Income": 3,
        "EBIT": NaN,
        "Net Income": 2
    },
    "2009-09-30": {
        "Diluted EPS": 0.08,
        "Total Revenue": 19,
        "Gross Profit": 13,
        "Operating Income": 4,
        "EBIT": NaN,
        "Net Income": 1
    },
    "2009-06-30": {
        "Diluted EPS": -1.32,
        "Total Revenue": 19,
        "Gross Profit": 12,
        "Operating Income": -23,
        "EBIT": NaN,
        "Net Income": -23
    },
    "2009-03-31": {
        "Diluted EPS": 0.14,
        "Total Revenue": 20,
        "Gross Profit": 13,
        "Operating Income": 3,
        "EBIT": NaN,
        "Net Income": 2
    },
    "2023-09-30": {
        "Tax Effect Of Unusual Items": -11820.0,
        "Tax Rate For Calcs": 0.197,
        "Total Unusual Items": -60000.0,
        "Total Unusual Items Excluding Goodwill": -60000.0,
        "Net Income From Continuing Operation Net Minority Interest": 5906000.0,
        "Reconciled Depreciation": 381000.0,
        "Net Interest Income": 16634000.0,
        "Interest Expense": 24458000.0,
        "Interest Income": 41092000.0,
        "Normalized Income": 5954180.0,
        "Net Income From Continuing And Discontinued Operation": 5906000.0,
        "Diluted Average Shares": 16768000.0,
        "Basic Average Shares": 16725000.0,
        "Diluted EPS": 0.35,
        "Basic EPS": 0.35,
        "Diluted NI Availto Com Stockholders": 5906000.0,
        "Net Income Common Stockholders": 5906000.0,
        "Net Income": 5906000.0,
        "Net Income Including Noncontrolling Interests": 5906000.0,
        "Net Income Continuous Operations": 5906000.0,
        "Tax Provision": 1445000.0,
        "Pretax Income": 7351000.0,
        "Special Income Charges": -60000.0,
        "Other Special Charges": 60000.0,
        "Gain On Sale Of Security": NaN,
        "Selling General And Administration": 7543000.0,
        "Selling And Marketing Expense": 34000.0,
        "General And Administrative Expense": 7509000.0,
        "Other Gand A": NaN,
        "Insurance And Claims": 617000.0,
        "Salaries And Wages": 6892000.0,
        "Total Revenue": 19297000.0,
        "Operating Revenue": 19297000.0,
        "Occupancy And Equipment": 1359000.0,
        "Professional Expense And Contract Services Expense": 310000.0,
        "Other Non Interest Expense": 2474000.0
    },
    "2023-12-31": {
        "Tax Effect Of Unusual Items": 0.0,
        "Tax Rate For Calcs": 0.191676,
        "Total Unusual Items": 0.0,
        "Total Unusual Items Excluding Goodwill": 0.0,
        "Net Income From Continuing Operation Net Minority Interest": 4525000.0,
        "Reconciled Depreciation": 667000.0,
        "Net Interest Income": 16361000.0,
        "Interest Expense": 26322000.0,
        "Interest Income": 42683000.0,
        "Normalized Income": 4525000.0,
        "Net Income From Continuing And Discontinued Operation": 4525000.0,
        "Diluted Average Shares": 16759259.0,
        "Basic Average Shares": 16759259.0,
        "Diluted EPS": 0.27,
        "Basic EPS": 0.27,
        "Diluted NI Availto Com Stockholders": 4525000.0,
        "Net Income Common Stockholders": 4525000.0,
        "Net Income": 4525000.0,
        "Net Income Including Noncontrolling Interests": 4525000.0,
        "Net Income Continuous Operations": 4525000.0,
        "Tax Provision": 1073000.0,
        "Pretax Income": 5598000.0,
        "Special Income Charges": 0.0,
        "Other Special Charges": 0.0,
        "Gain On Sale Of Security": NaN,
        "Selling General And Administration": 7414000.0,
        "Selling And Marketing Expense": 48000.0,
        "General And Administrative Expense": 7366000.0,
        "Other Gand A": NaN,
        "Insurance And Claims": 658000.0,
        "Salaries And Wages": 6708000.0,
        "Total Revenue": 18099000.0,
        "Operating Revenue": 18099000.0,
        "Occupancy And Equipment": 1499000.0,
        "Professional Expense And Contract Services Expense": 317000.0,
        "Other Non Interest Expense": 2771000.0
    },
    "2024-03-31": {
        "Tax Effect Of Unusual Items": 0.0,
        "Tax Rate For Calcs": 0.19106,
        "Total Unusual Items": 0.0,
        "Total Unusual Items Excluding Goodwill": 0.0,
        "Net Income From Continuing Operation Net Minority Interest": 5809000.0,
        "Reconciled Depreciation": 525000.0,
        "Net Interest Income": 16750000.0,
        "Interest Expense": 27820000.0,
        "Interest Income": 44570000.0,
        "Normalized Income": 5809000.0,
        "Net Income From Continuing And Discontinued Operation": 5809000.0,
        "Diluted Average Shares": 16786000.0,
        "Basic Average Shares": 16732000.0,
        "Diluted EPS": 0.35,
        "Basic EPS": 0.35,
        "Diluted NI Availto Com Stockholders": 5809000.0,
        "Net Income Common Stockholders": 5809000.0,
        "Net Income": 5809000.0,
        "Net Income Including Noncontrolling Interests": 5809000.0,
        "Net Income Continuous Operations": 5809000.0,
        "Tax Provision": 1372000.0,
        "Pretax Income": 7181000.0,
        "Special Income Charges": 0.0,
        "Other Special Charges": NaN,
        "Gain On Sale Of Security": NaN,
        "Selling General And Administration": 7435000.0,
        "Selling And Marketing Expense": 36000.0,
        "General And Administrative Expense": 7399000.0,
        "Other Gand A": NaN,
        "Insurance And Claims": 711000.0,
        "Salaries And Wages": 6688000.0,
        "Total Revenue": 18879000.0,
        "Operating Revenue": 18879000.0,
        "Occupancy And Equipment": 1447000.0,
        "Professional Expense And Contract Services Expense": 318000.0,
        "Other Non Interest Expense": 2498000.0
    },
    "2024-06-30": {
        "Tax Effect Of Unusual Items": 0.0,
        "Tax Rate For Calcs": 0.186462,
        "Total Unusual Items": 0.0,
        "Total Unusual Items Excluding Goodwill": 0.0,
        "Net Income From Continuing Operation Net Minority Interest": 5192000.0,
        "Reconciled Depreciation": 992000.0,
        "Net Interest Income": 17230000.0,
        "Interest Expense": 30338000.0,
        "Interest Income": 47568000.0,
        "Normalized Income": 5192000.0,
        "Net Income From Continuing And Discontinued Operation": 5192000.0,
        "Diluted Average Shares": 16848000.0,
        "Basic Average Shares": 16828000.0,
        "Diluted EPS": 0.31,
        "Basic EPS": 0.31,
        "Diluted NI Availto Com Stockholders": 5192000.0,
        "Net Income Common Stockholders": 5192000.0,
        "Net Income": 5192000.0,
        "Net Income Including Noncontrolling Interests": 5192000.0,
        "Net Income Continuous Operations": 5192000.0,
        "Tax Provision": 1190000.0,
        "Pretax Income": 6382000.0,
        "Special Income Charges": 0.0,
        "Other Special Charges": NaN,
        "Gain On Sale Of Security": NaN,
        "Selling General And Administration": 8266000.0,
        "Selling And Marketing Expense": 27000.0,
        "General And Administrative Expense": 8239000.0,
        "Other Gand A": NaN,
        "Insurance And Claims": 834000.0,
        "Salaries And Wages": 7405000.0,
        "Total Revenue": 19419000.0,
        "Operating Revenue": 19419000.0,
        "Occupancy And Equipment": 1852000.0,
        "Professional Expense And Contract Services Expense": 320000.0,
        "Other Non Interest Expense": 2599000.0
    }
}