{
    "2023-06-30": {
        "Tax Effect Of Unusual Items": 0.0,
        "Tax Rate For Calcs": 0.2681,
        "Total Unusual Items": NaN,
        "Total Unusual Items Excluding Goodwill": NaN,
        "Net Income From Continuing Operation Net Minority Interest": 154750000.0,
        "Reconciled Depreciation": 16199000.0,
        "Net Interest Income": 447537000.0,
        "Interest Expense": 249639000.0,
        "Interest Income": 697176000.0,
        "Normalized Income": 154750000.0,
        "Net Income From Continuing And Discontinued Operation": 154750000.0,
        "Diluted Average Shares": 62094000.0,
        "Basic Average Shares": 61192000.0,
        "Diluted EPS": 2.38,
        "Basic EPS": 2.41,
        "Diluted NI Availto Com Stockholders": 147759000.0,
        "Net Income Common Stockholders": 147759000.0,
        "Preferred Stock Dividends": 6991000.0,
        "Net Income": 154750000.0,
        "Net Income Including Noncontrolling Interests": 154750000.0,
        "Net Income Continuous Operations": 154750000.0,
        "Tax Provision": 56680000.0,
        "Pretax Income": 211430000.0,
        "Special Income Charges": NaN,
        "Other Special Charges": NaN,
        "Gain On Sale Of Security": 0.0,
        "Depreciation Amortization Depletion Income Statement": 11315000.0,
        "Depreciation And Amortization In Income Statement": 11315000.0,
        "Amortization": 1499000.0,
        "Amortization Of Intangibles Income Statement": 1499000.0,
        "Depreciation Income Statement": 9816000.0,
        "Selling General And Administration": 211725000.0,
        "Selling And Marketing Expense": 17794000.0,
        "General And Administrative Expense": 193931000.0,
        "Insurance And Claims": 9008000.0,
        "Salaries And Wages": 184923000.0,
        "Total Revenue": 560567000.0,
        "Operating Revenue": 560567000.0
    },
    "2023-03-31": {
        "Tax Effect Of Unusual Items": -24189.3,
        "Tax Rate For Calcs": 0.2601,
        "Total Unusual Items": -93000.0,
        "Total Unusual Items Excluding Goodwill": -93000.0,
        "Net Income From Continuing Operation Net Minority Interest": 180198000.0,
        "Reconciled Depreciation": 18798000.0,
        "Net Interest Income": 457995000.0,
        "Interest Expense": 181695000.0,
        "Interest Income": 639690000.0,
        "Normalized Income": 180266810.7,
        "Net Income From Continuing And Discontinued Operation": 180198000.0,
        "Diluted Average Shares": 61823000.0,
        "Basic Average Shares": 60950000.0,
        "Diluted EPS": 2.8,
        "Basic EPS": 2.84,
        "Diluted NI Availto Com Stockholders": 173207000.0,
        "Net Income Common Stockholders": 173207000.0,
        "Preferred Stock Dividends": 6991000.0,
        "Net Income": 180198000.0,
        "Net Income Including Noncontrolling Interests": 180198000.0,
        "Net Income Continuous Operations": 180198000.0,
        "Tax Provision": 63352000.0,
        "Pretax Income": 243550000.0,
        "Special Income Charges": -93000.0,
        "Other Special Charges": 93000.0,
        "Gain On Sale Of Security": 1398000.0,
        "Depreciation Amortization Depletion Income Statement": 11068000.0,
        "Depreciation And Amortization In Income Statement": 11068000.0,
        "Amortization": 1235000.0,
        "Amortization Of Intangibles Income Statement": 1235000.0,
        "Depreciation Income Statement": 9833000.0,
        "Selling General And Administration": 197396000.0,
        "Selling And Marketing Expense": 11946000.0,
        "General And Administrative Expense": 185450000.0,
        "Insurance And Claims": 8669000.0,
        "Salaries And Wages": 176781000.0,
        "Total Revenue": 565764000.0,
        "Operating Revenue": 565764000.0
    },
    "2022-12-31": {
        "Tax Effect Of Unusual Items": 0.0,
        "Tax Rate For Calcs": 0.258007,
        "Total Unusual Items": NaN,
        "Total Unusual Items Excluding Goodwill": NaN,
        "Net Income From Continuing Operation Net Minority Interest": 144817000.0,
        "Reconciled Depreciation": 17344000.0,
        "Net Interest Income": 456816000.0,
        "Interest Expense": 123929000.0,
        "Interest Income": 580745000.0,
        "Normalized Income": 144817000.0,
        "Net Income From Continuing And Discontinued Operation": 144817000.0,
        "Diluted Average Shares": 61865000.0,
        "Basic Average Shares": 60769000.0,
        "Diluted EPS": 2.23,
        "Basic EPS": 2.27,
        "Diluted NI Availto Com Stockholders": 137826000.0,
        "Net Income Common Stockholders": 137826000.0,
        "Preferred Stock Dividends": 6991000.0,
        "Net Income": 144817000.0,
        "Net Income Including Noncontrolling Interests": 144817000.0,
        "Net Income Continuous Operations": 144817000.0,
        "Tax Provision": 50356000.0,
        "Pretax Income": 195173000.0,
        "Special Income Charges": NaN,
        "Other Special Charges": NaN,
        "Gain On Sale Of Security": -6745000.0,
        "Depreciation Amortization Depletion Income Statement": 11514000.0,
        "Depreciation And Amortization In Income Statement": 11514000.0,
        "Amortization": 1436000.0,
        "Amortization Of Intangibles Income Statement": 1436000.0,
        "Depreciation Income Statement": 10078000.0,
        "Selling General And Administration": 201385000.0,
        "Selling And Marketing Expense": 14279000.0,
        "General And Administrative Expense": 187106000.0,
        "Insurance And Claims": 6775000.0,
        "Salaries And Wages": 180331000.0,
        "Total Revenue": 553155000.0,
        "Operating Revenue": 553155000.0
    },
    "2022-09-30": {
        "Tax Effect Of Unusual Items": 0.0,
        "Tax Rate For Calcs": 0.2853,
        "Total Unusual Items": NaN,
        "Total Unusual Items Excluding Goodwill": NaN,
        "Net Income From Continuing Operation Net Minority Interest": 142961000.0,
        "Reconciled Depreciation": 10940000.0,
        "Net Interest Income": 401448000.0,
        "Interest Expense": 65030000.0,
        "Interest Income": 466478000.0,
        "Normalized Income": 142961000.0,
        "Net Income From Continuing And Discontinued Operation": 142961000.0,
        "Diluted Average Shares": 61575000.0,
        "Basic Average Shares": 60738000.0,
        "Diluted EPS": 2.21,
        "Basic EPS": 2.24,
        "Diluted NI Availto Com Stockholders": 135970000.0,
        "Net Income Common Stockholders": 135970000.0,
        "Preferred Stock Dividends": 6991000.0,
        "Net Income": 142961000.0,
        "Net Income Including Noncontrolling Interests": 142961000.0,
        "Net Income Continuous Operations": 142961000.0,
        "Tax Provision": 57080000.0,
        "Pretax Income": 200041000.0,
        "Special Income Charges": NaN,
        "Other Special Charges": NaN,
        "Restructuring And Mergern Acquisition": NaN,
        "Gain On Sale Of Security": -3330000.0,
        "Depreciation Amortization Depletion Income Statement": 10940000.0,
        "Depreciation And Amortization In Income Statement": 10940000.0,
        "Amortization": 1492000.0,
        "Amortization Of Intangibles Income Statement": 1492000.0,
        "Depreciation Income Statement": 9448000.0,
        "Selling General And Administration": 199881000.0,
        "Selling And Marketing Expense": 16600000.0,
        "General And Administrative Expense": 183281000.0,
        "Insurance And Claims": 7186000.0,
        "Salaries And Wages": 176095000.0,
        "Total Revenue": 502703000.0,
        "Operating Revenue": 502703000.0
    },
    "2022-06-30": {
        "Tax Effect Of Unusual Items": 0.0,
        "Tax Rate For Calcs": 0.2821,
        "Total Unusual Items": NaN,
        "Total Unusual Items Excluding Goodwill": NaN,
        "Net Income From Continuing Operation Net Minority Interest": 94513000.0,
        "Reconciled Depreciation": 10353000.0,
        "Net Interest Income": 337804000.0,
        "Interest Expense": 34164000.0,
        "Interest Income": 371968000.0,
        "Normalized Income": 94513000.0,
        "Net Income From Continuing And Discontinued Operation": 94513000.0,
        "Diluted Average Shares": 58838000.0,
        "Basic Average Shares": 58063000.0,
        "Diluted EPS": 1.49,
        "Basic EPS": 1.51,
        "Diluted NI Availto Com Stockholders": 87522000.0,
        "Net Income Common Stockholders": 87522000.0,
        "Preferred Stock Dividends": 6991000.0,
        "Net Income": 94513000.0,
        "Net Income Including Noncontrolling Interests": 94513000.0,
        "Net Income Continuous Operations": 94513000.0,
        "Tax Provision": 37148000.0,
        "Pretax Income": 131661000.0,
        "Special Income Charges": NaN,
        "Other Special Charges": NaN,
        "Restructuring And Mergern Acquisition": NaN,
        "Gain On Sale Of Security": -7721000.0,
        "Depreciation Amortization Depletion Income Statement": 10353000.0,
        "Depreciation And Amortization In Income Statement": 10353000.0,
        "Amortization": 1579000.0,
        "Amortization Of Intangibles Income Statement": 1579000.0,
        "Depreciation Income Statement": 8774000.0,
        "Selling General And Administration": 190890000.0,
        "Selling And Marketing Expense": 16615000.0,
        "General And Administrative Expense": 174275000.0,
        "Insurance And Claims": 6949000.0,
        "Salaries And Wages": 167326000.0,
        "Total Revenue": 440822000.0,
        "Operating Revenue": 440822000.0
    },
    "2022-03-31": {
        "Diluted EPS": 2.07,
        "Total Revenue": 491,
        "Gross Profit": 462,
        "Operating Income": 174,
        "EBIT": NaN,
        "Net Income": 120
    },
    "2021-12-31": {
        "Diluted EPS": 1.57,
        "Total Revenue": 462,
        "Gross Profit": 430,
        "Operating Income": 137,
        "EBIT": NaN,
        "Net Income": 92
    },
    "2021-09-30": {
        "Diluted EPS": 1.77,
        "Total Revenue": 459,
        "Gross Profit": 424,
        "Operating Income": 150,
        "EBIT": NaN,
        "Net Income": 102
    },
    "2021-06-30": {
        "Diluted EPS": 1.7,
        "Total Revenue": 449,
        "Gross Profit": 409,
        "Operating Income": 144,
        "EBIT": NaN,
        "Net Income": 98
    },
    "2021-03-31": {
        "Diluted EPS": 2.54,
        "Total Revenue": 492,
        "Gross Profit": 448,
        "Operating Income": 207,
        "EBIT": NaN,
        "Net Income": 146
    },
    "2020-12-31": {
        "Diluted EPS": 1.63,
        "Total Revenue": 466,
        "Gross Profit": 418,
        "Operating Income": 135,
        "EBIT": NaN,
        "Net Income": 94
    },
    "2020-09-30": {
        "Diluted EPS": 1.67,
        "Total Revenue": 482,
        "Gross Profit": 427,
        "Operating Income": 137,
        "EBIT": NaN,
        "Net Income": 97
    },
    "2020-06-30": {
        "Diluted EPS": 0.34,
        "Total Revenue": 492,
        "Gross Profit": 425,
        "Operating Income": 31,
        "EBIT": NaN,
        "Net Income": 20
    },
    "2020-03-31": {
        "Diluted EPS": 1.04,
        "Total Revenue": 457,
        "Gross Profit": 375,
        "Operating Income": 87,
        "EBIT": NaN,
        "Net Income": 61
    },
    "2019-12-31": {
        "Diluted EPS": 1.44,
        "Total Revenue": 462,
        "Gross Profit": 374,
        "Operating Income": 117,
        "EBIT": NaN,
        "Net Income": 84
    },
    "2019-09-30": {
        "Diluted EPS": 1.69,
        "Total Revenue": 470,
        "Gross Profit": 380,
        "Operating Income": 135,
        "EBIT": NaN,
        "Net Income": 97
    },
    "2019-06-30": {
        "Diluted EPS": 1.38,
        "Total Revenue": 445,
        "Gross Profit": 364,
        "Operating Income": 110,
        "EBIT": NaN,
        "Net Income": 79
    },
    "2019-03-31": {
        "Diluted EPS": 1.52,
        "Total Revenue": 416,
        "Gross Profit": 344,
        "Operating Income": 119,
        "EBIT": NaN,
        "Net Income": 87
    },
    "2018-12-31": {
        "Diluted EPS": 1.36,
        "Total Revenue": 396,
        "Gross Profit": 329,
        "Operating Income": 108,
        "EBIT": NaN,
        "Net Income": 78
    },
    "2018-09-30": {
        "Diluted EPS": 1.57,
        "Total Revenue": 405,
        "Gross Profit": 347,
        "Operating Income": 123,
        "EBIT": NaN,
        "Net Income": 90
    },
    "2018-06-30": {
        "Diluted EPS": 1.53,
        "Total Revenue": 379,
        "Gross Profit": 333,
        "Operating Income": 122,
        "EBIT": NaN,
        "Net Income": 88
    },
    "2018-03-31": {
        "Diluted EPS": 1.4,
        "Total Revenue": 347,
        "Gross Profit": 311,
        "Operating Income": 108,
        "EBIT": NaN,
        "Net Income": 80
    },
    "2017-12-31": {
        "Diluted EPS": 1.17,
        "Total Revenue": 333,
        "Gross Profit": 300,
        "Operating Income": 96,
        "EBIT": NaN,
        "Net Income": 67
    },
    "2017-09-30": {
        "Diluted EPS": 1.12,
        "Total Revenue": 327,
        "Gross Profit": 296,
        "Operating Income": 104,
        "EBIT": NaN,
        "Net Income": 64
    },
    "2017-06-30": {
        "Diluted EPS": 1.11,
        "Total Revenue": 321,
        "Gross Profit": 294,
        "Operating Income": 102,
        "EBIT": NaN,
        "Net Income": 63
    },
    "2017-03-31": {
        "Diluted EPS": 1.0,
        "Total Revenue": 285,
        "Gross Profit": 261,
        "Operating Income": 88,
        "EBIT": NaN,
        "Net Income": 55
    },
    "2016-12-31": {
        "Diluted EPS": 0.94,
        "Total Revenue": 300,
        "Gross Profit": 276,
        "Operating Income": 88,
        "EBIT": NaN,
        "Net Income": 51
    },
    "2016-09-30": {
        "Diluted EPS": 0.92,
        "Total Revenue": 295,
        "Gross Profit": 271,
        "Operating Income": 85,
        "EBIT": NaN,
        "Net Income": 49
    },
    "2016-06-30": {
        "Diluted EPS": 0.9,
        "Total Revenue": 282,
        "Gross Profit": 260,
        "Operating Income": 80,
        "EBIT": NaN,
        "Net Income": 46
    },
    "2016-03-31": {
        "Diluted EPS": 0.9,
        "Total Revenue": 261,
        "Gross Profit": 240,
        "Operating Income": 78,
        "EBIT": NaN,
        "Net Income": 45
    },
    "2015-12-31": {
        "Diluted EPS": 0.63,
        "Total Revenue": 253,
        "Gross Profit": 232,
        "Operating Income": 56,
        "EBIT": NaN,
        "Net Income": 32
    },
    "2015-09-30": {
        "Diluted EPS": 0.69,
        "Total Revenue": 250,
        "Gross Profit": 230,
        "Operating Income": 62,
        "EBIT": NaN,
        "Net Income": 34
    },
    "2015-06-30": {
        "Diluted EPS": 0.85,
        "Total Revenue": 252,
        "Gross Profit": 234,
        "Operating Income": 70,
        "EBIT": NaN,
        "Net Income": 42
    },
    "2015-03-31": {
        "Diluted EPS": 0.76,
        "Total Revenue": 235,
        "Gross Profit": 216,
        "Operating Income": 63,
        "EBIT": NaN,
        "Net Income": 37
    },
    "2014-12-31": {
        "Diluted EPS": 0.75,
        "Total Revenue": 230,
        "Gross Profit": 211,
        "Operating Income": 62,
        "EBIT": NaN,
        "Net Income": 37
    },
    "2014-09-30": {
        "Diluted EPS": 0.79,
        "Total Revenue": 229,
        "Gross Profit": 210,
        "Operating Income": 65,
        "EBIT": NaN,
        "Net Income": 39
    },
    "2014-06-30": {
        "Diluted EPS": 0.76,
        "Total Revenue": 221,
        "Gross Profit": 203,
        "Operating Income": 63,
        "EBIT": NaN,
        "Net Income": 37
    },
    "2014-03-31": {
        "Diluted EPS": 0.68,
        "Total Revenue": 207,
        "Gross Profit": 190,
        "Operating Income": 56,
        "EBIT": NaN,
        "Net Income": 33
    },
    "2013-12-31": {
        "Diluted EPS": 0.7,
        "Total Revenue": 207,
        "Gross Profit": 189,
        "Operating Income": 58,
        "EBIT": NaN,
        "Net Income": 34
    },
    "2013-09-30": {
        "Diluted EPS": 0.71,
        "Total Revenue": 216,
        "Gross Profit": 196,
        "Operating Income": 58,
        "EBIT": NaN,
        "Net Income": 34
    },
    "2013-06-30": {
        "Diluted EPS": 0.69,
        "Total Revenue": 221,
        "Gross Profit": 200,
        "Operating Income": 56,
        "EBIT": NaN,
        "Net Income": 32
    },
    "2013-03-31": {
        "Diluted EPS": 0.65,
        "Total Revenue": 210,
        "Gross Profit": 188,
        "Operating Income": 52,
        "EBIT": NaN,
        "Net Income": 29
    },
    "2012-12-31": {
        "Diluted EPS": 0.63,
        "Total Revenue": 222,
        "Gross Profit": 198,
        "Operating Income": 49,
        "EBIT": NaN,
        "Net Income": 28
    },
    "2012-09-30": {
        "Diluted EPS": 0.66,
        "Total Revenue": 221,
        "Gross Profit": 196,
        "Operating Income": 52,
        "EBIT": NaN,
        "Net Income": 30
    },
    "2012-06-30": {
        "Diluted EPS": 0.52,
        "Total Revenue": 207,
        "Gross Profit": 179,
        "Operating Income": 41,
        "EBIT": NaN,
        "Net Income": 23
    },
    "2012-03-31": {
        "Diluted EPS": 0.5,
        "Total Revenue": 204,
        "Gross Profit": 173,
        "Operating Income": 38,
        "EBIT": NaN,
        "Net Income": 22
    },
    "2011-12-31": {
        "Diluted EPS": 0.41,
        "Total Revenue": 203,
        "Gross Profit": 170,
        "Operating Income": 32,
        "EBIT": NaN,
        "Net Income": 18
    },
    "2011-09-30": {
        "Diluted EPS": 0.65,
        "Total Revenue": 222,
        "Gross Profit": 186,
        "Operating Income": 50,
        "EBIT": NaN,
        "Net Income": 29
    },
    "2011-06-30": {
        "Diluted EPS": 0.25,
        "Total Revenue": 182,
        "Gross Profit": 145,
        "Operating Income": 19,
        "EBIT": NaN,
        "Net Income": 11
    },
    "2011-03-31": {
        "Diluted EPS": 0.36,
        "Total Revenue": 189,
        "Gross Profit": 151,
        "Operating Income": 27,
        "EBIT": NaN,
        "Net Income": 15
    },
    "2010-12-31": {
        "Diluted EPS": -0.11,
        "Total Revenue": 198,
        "Gross Profit": 157,
        "Operating Income": 22,
        "EBIT": NaN,
        "Net Income": -2
    },
    "2010-09-30": {
        "Diluted EPS": 0.47,
        "Total Revenue": 202,
        "Gross Profit": 158,
        "Operating Income": 32,
        "EBIT": NaN,
        "Net Income": 15
    },
    "2010-06-30": {
        "Diluted EPS": 0.25,
        "Total Revenue": 200,
        "Gross Profit": 155,
        "Operating Income": 21,
        "EBIT": NaN,
        "Net Income": 8
    },
    "2010-03-31": {
        "Diluted EPS": 0.41,
        "Total Revenue": 185,
        "Gross Profit": 138,
        "Operating Income": 25,
        "EBIT": NaN,
        "Net Income": 11
    },
    "2009-12-31": {
        "Diluted EPS": 0.99,
        "Total Revenue": 222,
        "Gross Profit": 172,
        "Operating Income": 43,
        "EBIT": NaN,
        "Net Income": 23
    },
    "2009-09-30": {
        "Diluted EPS": 1.07,
        "Total Revenue": 292,
        "Gross Profit": 238,
        "Operating Income": 55,
        "EBIT": NaN,
        "Net Income": 27
    },
    "2009-06-30": {
        "Diluted EPS": 0.06,
        "Total Revenue": 173,
        "Gross Profit": 118,
        "Operating Income": 10,
        "EBIT": NaN,
        "Net Income": 2
    },
    "2009-03-31": {
        "Diluted EPS": 0.06,
        "Total Revenue": 159,
        "Gross Profit": 101,
        "Operating Income": 10,
        "EBIT": NaN,
        "Net Income": 1
    },
    "2023-09-30": {
        "Tax Effect Of Unusual Items": 0.0,
        "Tax Rate For Calcs": 0.2698,
        "Total Unusual Items": NaN,
        "Total Unusual Items Excluding Goodwill": NaN,
        "Net Income From Continuing Operation Net Minority Interest": 164198000.0,
        "Reconciled Depreciation": 27594000.0,
        "Net Interest Income": 462358000.0,
        "Interest Expense": 300042000.0,
        "Interest Income": 762400000.0,
        "Normalized Income": 164198000.0,
        "Net Income From Continuing And Discontinued Operation": 164198000.0,
        "Diluted Average Shares": 62177000.0,
        "Basic Average Shares": 61213000.0,
        "Diluted EPS": 2.53,
        "Basic EPS": 2.57,
        "Diluted NI Availto Com Stockholders": 157207000.0,
        "Net Income Common Stockholders": 157207000.0,
        "Preferred Stock Dividends": 6991000.0,
        "Net Income": 164198000.0,
        "Net Income Including Noncontrolling Interests": 164198000.0,
        "Net Income Continuous Operations": 164198000.0,
        "Tax Provision": 60660000.0,
        "Pretax Income": 224858000.0,
        "Special Income Charges": NaN,
        "Other Special Charges": NaN,
        "Gain On Sale Of Security": -2357000.0,
        "Depreciation Amortization Depletion Income Statement": 13428000.0,
        "Depreciation And Amortization In Income Statement": 13428000.0,
        "Amortization": 1408000.0,
        "Amortization Of Intangibles Income Statement": 1408000.0,
        "Depreciation Income Statement": 12020000.0,
        "Selling General And Administration": 220255000.0,
        "Selling And Marketing Expense": 18169000.0,
        "General And Administrative Expense": 202086000.0,
        "Insurance And Claims": 9748000.0,
        "Salaries And Wages": 192338000.0,
        "Total Revenue": 574836000.0,
        "Operating Revenue": 574836000.0
    },
    "2023-12-31": {
        "Tax Effect Of Unusual Items": 0.0,
        "Tax Rate For Calcs": 0.252737,
        "Total Unusual Items": NaN,
        "Total Unusual Items Excluding Goodwill": NaN,
        "Net Income From Continuing Operation Net Minority Interest": 123480000.0,
        "Reconciled Depreciation": 22173000.0,
        "Net Interest Income": 469974000.0,
        "Interest Expense": 323874000.0,
        "Interest Income": 793848000.0,
        "Normalized Income": 123480000.0,
        "Net Income From Continuing And Discontinued Operation": 123480000.0,
        "Diluted Average Shares": 62402000.0,
        "Basic Average Shares": 61236000.0,
        "Diluted EPS": 1.87,
        "Basic EPS": 1.9,
        "Diluted NI Availto Com Stockholders": 116489000.0,
        "Net Income Common Stockholders": 116489000.0,
        "Preferred Stock Dividends": 6991000.0,
        "Net Income": 123480000.0,
        "Net Income Including Noncontrolling Interests": 123480000.0,
        "Net Income Continuous Operations": 123480000.0,
        "Tax Provision": 41763000.0,
        "Pretax Income": 165243000.0,
        "Special Income Charges": NaN,
        "Other Special Charges": NaN,
        "Gain On Sale Of Security": 2484000.0,
        "Depreciation Amortization Depletion Income Statement": 12050000.0,
        "Depreciation And Amortization In Income Statement": 12050000.0,
        "Amortization": 1356000.0,
        "Amortization Of Intangibles Income Statement": 1356000.0,
        "Depreciation Income Statement": 10694000.0,
        "Selling General And Administration": 254814000.0,
        "Selling And Marketing Expense": 17166000.0,
        "General And Administrative Expense": 237648000.0,
        "Insurance And Claims": 43677000.0,
        "Salaries And Wages": 193971000.0,
        "Total Revenue": 570803000.0,
        "Operating Revenue": 570803000.0
    },
    "2024-03-31": {
        "Tax Effect Of Unusual Items": -1256007.0,
        "Tax Rate For Calcs": 0.2507,
        "Total Unusual Items": -5010000.0,
        "Total Unusual Items Excluding Goodwill": -5010000.0,
        "Net Income From Continuing Operation Net Minority Interest": 187294000.0,
        "Reconciled Depreciation": 21464000.0,
        "Net Interest Income": 464194000.0,
        "Interest Expense": 341319000.0,
        "Interest Income": 805513000.0,
        "Normalized Income": 191047993.0,
        "Net Income From Continuing And Discontinued Operation": 187294000.0,
        "Diluted Average Shares": 62409000.0,
        "Basic Average Shares": 61481000.0,
        "Diluted EPS": 2.89,
        "Basic EPS": 2.93,
        "Diluted NI Availto Com Stockholders": 180303000.0,
        "Net Income Common Stockholders": 180303000.0,
        "Preferred Stock Dividends": 6991000.0,
        "Net Income": 187294000.0,
        "Net Income Including Noncontrolling Interests": 187294000.0,
        "Net Income Continuous Operations": 187294000.0,
        "Tax Provision": 62662000.0,
        "Pretax Income": 249956000.0,
        "Special Income Charges": -5010000.0,
        "Other Special Charges": 5010000.0,
        "Gain On Sale Of Security": 1326000.0,
        "Depreciation Amortization Depletion Income Statement": 11841000.0,
        "Depreciation And Amortization In Income Statement": 11841000.0,
        "Amortization": 1158000.0,
        "Amortization Of Intangibles Income Statement": 1158000.0,
        "Depreciation Income Statement": 10683000.0,
        "Selling General And Administration": 217594000.0,
        "Selling And Marketing Expense": 13040000.0,
        "General And Administrative Expense": 204554000.0,
        "Insurance And Claims": 9381000.0,
        "Salaries And Wages": 195173000.0,
        "Total Revenue": 604628000.0,
        "Operating Revenue": 604628000.0
    }
}