{
    "2023-03-31": {
        "Tax Effect Of Unusual Items": NaN,
        "Tax Rate For Calcs": NaN,
        "Total Unusual Items": NaN,
        "Total Unusual Items Excluding Goodwill": NaN,
        "Net Income From Continuing Operation Net Minority Interest": NaN,
        "Reconciled Depreciation": NaN,
        "EBIT": NaN,
        "Net Interest Income": NaN,
        "Interest Expense": NaN,
        "Interest Income": NaN,
        "Normalized Income": NaN,
        "Net Income From Continuing And Discontinued Operation": NaN,
        "Total Expenses": NaN,
        "Diluted Average Shares": NaN,
        "Basic Average Shares": NaN,
        "Diluted EPS": NaN,
        "Basic EPS": NaN,
        "Diluted NI Availto Com Stockholders": NaN,
        "Net Income Common Stockholders": NaN,
        "Otherunder Preferred Stock Dividend": NaN,
        "Net Income": NaN,
        "Minority Interests": NaN,
        "Net Income Including Noncontrolling Interests": NaN,
        "Net Income Discontinuous Operations": 0.0,
        "Net Income Continuous Operations": NaN,
        "Tax Provision": NaN,
        "Pretax Income": NaN,
        "Other Income Expense": NaN,
        "Special Income Charges": NaN,
        "Other Special Charges": NaN,
        "Restructuring And Mergern Acquisition": NaN,
        "Net Non Operating Interest Income Expense": NaN,
        "Interest Expense Non Operating": NaN,
        "Other Operating Expenses": NaN,
        "Selling General And Administration": NaN,
        "General And Administrative Expense": NaN,
        "Other Gand A": NaN,
        "Total Revenue": NaN,
        "Operating Revenue": NaN,
        "Loss Adjustment Expense": NaN,
        "Net Policyholder Benefits And Claims": NaN,
        "Policyholder Benefits Gross": NaN,
        "Policyholder Benefits Ceded": NaN
    },
    "2022-12-31": {
        "Tax Effect Of Unusual Items": NaN,
        "Tax Rate For Calcs": NaN,
        "Total Unusual Items": NaN,
        "Total Unusual Items Excluding Goodwill": NaN,
        "Net Income From Continuing Operation Net Minority Interest": NaN,
        "Reconciled Depreciation": NaN,
        "EBIT": NaN,
        "Net Interest Income": NaN,
        "Interest Expense": NaN,
        "Normalized Income": NaN,
        "Net Income From Continuing And Discontinued Operation": NaN,
        "Total Expenses": NaN,
        "Diluted Average Shares": NaN,
        "Basic Average Shares": NaN,
        "Diluted EPS": NaN,
        "Basic EPS": NaN,
        "Diluted NI Availto Com Stockholders": NaN,
        "Net Income Common Stockholders": NaN,
        "Otherunder Preferred Stock Dividend": NaN,
        "Net Income": NaN,
        "Minority Interests": NaN,
        "Net Income Including Noncontrolling Interests": NaN,
        "Net Income Discontinuous Operations": 0.0,
        "Net Income Continuous Operations": NaN,
        "Tax Provision": NaN,
        "Pretax Income": NaN,
        "Other Income Expense": NaN,
        "Special Income Charges": NaN,
        "Restructuring And Mergern Acquisition": NaN,
        "Net Non Operating Interest Income Expense": NaN,
        "Interest Expense Non Operating": NaN,
        "Other Operating Expenses": NaN,
        "Depreciation And Amortization In Income Statement": 1800000.0,
        "Amortization": 1800000.0,
        "Selling General And Administration": NaN,
        "General And Administrative Expense": NaN,
        "Other Gand A": NaN,
        "Total Revenue": NaN,
        "Operating Revenue": NaN,
        "Loss Adjustment Expense": NaN,
        "Net Policyholder Benefits And Claims": NaN,
        "Policyholder Benefits Gross": NaN,
        "Policyholder Benefits Ceded": NaN
    },
    "2022-09-30": {
        "Tax Effect Of Unusual Items": NaN,
        "Tax Rate For Calcs": NaN,
        "Total Unusual Items": NaN,
        "Total Unusual Items Excluding Goodwill": NaN,
        "Net Income From Continuing Operation Net Minority Interest": NaN,
        "Reconciled Depreciation": NaN,
        "EBIT": NaN,
        "Net Interest Income": NaN,
        "Interest Expense": NaN,
        "Normalized Income": NaN,
        "Net Income From Continuing And Discontinued Operation": NaN,
        "Total Expenses": NaN,
        "Diluted Average Shares": NaN,
        "Basic Average Shares": NaN,
        "Diluted EPS": NaN,
        "Basic EPS": NaN,
        "Diluted NI Availto Com Stockholders": NaN,
        "Net Income Common Stockholders": NaN,
        "Otherunder Preferred Stock Dividend": NaN,
        "Net Income": NaN,
        "Minority Interests": NaN,
        "Net Income Including Noncontrolling Interests": NaN,
        "Net Income Discontinuous Operations": NaN,
        "Net Income Continuous Operations": NaN,
        "Tax Provision": NaN,
        "Pretax Income": NaN,
        "Other Income Expense": NaN,
        "Special Income Charges": NaN,
        "Restructuring And Mergern Acquisition": NaN,
        "Net Non Operating Interest Income Expense": NaN,
        "Interest Expense Non Operating": NaN,
        "Other Operating Expenses": NaN,
        "Depreciation And Amortization In Income Statement": 1400000.0,
        "Amortization": 1400000.0,
        "Selling General And Administration": NaN,
        "General And Administrative Expense": NaN,
        "Other Gand A": NaN,
        "Total Revenue": NaN,
        "Operating Revenue": NaN
    },
    "2022-06-30": {
        "Tax Effect Of Unusual Items": 0.0,
        "Tax Rate For Calcs": 0.069,
        "Total Unusual Items": NaN,
        "Total Unusual Items Excluding Goodwill": NaN,
        "Net Income From Continuing Operation Net Minority Interest": -175600000.0,
        "Reconciled Depreciation": -7600000.0,
        "EBIT": -222500000.0,
        "Net Interest Income": -10100000.0,
        "Interest Expense": 10100000.0,
        "Normalized Income": -175600000.0,
        "Net Income From Continuing And Discontinued Operation": -169200000.0,
        "Total Expenses": 309300000.0,
        "Diluted Average Shares": 2940700.0,
        "Basic Average Shares": 2940700.0,
        "Diluted EPS": -56.8,
        "Basic EPS": -56.8,
        "Diluted NI Availto Com Stockholders": -169200000.0,
        "Net Income Common Stockholders": -169200000.0,
        "Otherunder Preferred Stock Dividend": NaN,
        "Net Income": -169200000.0,
        "Minority Interests": 41000000.0,
        "Net Income Including Noncontrolling Interests": -210200000.0,
        "Net Income Discontinuous Operations": 6400000.0,
        "Net Income Continuous Operations": -216600000.0,
        "Tax Provision": -16000000.0,
        "Pretax Income": -232600000.0,
        "Other Income Expense": 38800000.0,
        "Special Income Charges": NaN,
        "Restructuring And Mergern Acquisition": NaN,
        "Net Non Operating Interest Income Expense": -10100000.0,
        "Interest Expense Non Operating": 10100000.0,
        "Other Operating Expenses": 22400000.0,
        "Depreciation And Amortization In Income Statement": 1000000.0,
        "Amortization": 1000000.0,
        "Selling General And Administration": 100300000.0,
        "General And Administrative Expense": 100300000.0,
        "Other Gand A": 100300000.0,
        "Total Revenue": 76700000.0,
        "Operating Revenue": 76700000.0
    },
    "2022-03-31": {
        "Diluted EPS": 11.1,
        "Total Revenue": 260,
        "Gross Profit": 64,
        "Operating Income": -12,
        "EBIT": 1,
        "Net Income": 33
    },
    "2021-12-31": {
        "Diluted EPS": 10.46,
        "Total Revenue": 186,
        "Gross Profit": 73,
        "Operating Income": 36,
        "EBIT": 47,
        "Net Income": 33
    },
    "2021-09-30": {
        "Diluted EPS": -120.18,
        "Total Revenue": -92,
        "Gross Profit": -302,
        "Operating Income": -360,
        "EBIT": -347,
        "Net Income": -371
    },
    "2021-06-30": {
        "Diluted EPS": 44.56,
        "Total Revenue": 342,
        "Gross Profit": 222,
        "Operating Income": 162,
        "EBIT": 164,
        "Net Income": 139
    },
    "2021-03-31": {
        "Diluted EPS": -24.3,
        "Total Revenue": 178,
        "Gross Profit": 51,
        "Operating Income": -110,
        "EBIT": -80,
        "Net Income": -75
    },
    "2020-12-31": {
        "Diluted EPS": 155.28,
        "Total Revenue": 236,
        "Gross Profit": 286,
        "Operating Income": 375,
        "EBIT": 347,
        "Net Income": 489
    },
    "2020-09-30": {
        "Diluted EPS": 75.09,
        "Total Revenue": 460,
        "Gross Profit": 439,
        "Operating Income": 322,
        "EBIT": 343,
        "Net Income": 233
    },
    "2020-06-30": {
        "Diluted EPS": 37.14,
        "Total Revenue": 260,
        "Gross Profit": 234,
        "Operating Income": 131,
        "EBIT": 152,
        "Net Income": 115
    },
    "2020-03-31": {
        "Diluted EPS": -40.54,
        "Total Revenue": -59,
        "Gross Profit": -81,
        "Operating Income": -166,
        "EBIT": -148,
        "Net Income": -129
    },
    "2019-12-31": {
        "Diluted EPS": 18.9,
        "Total Revenue": 175,
        "Gross Profit": 156,
        "Operating Income": 53,
        "EBIT": 70,
        "Net Income": 61
    },
    "2019-09-30": {
        "Diluted EPS": 15.29,
        "Total Revenue": 156,
        "Gross Profit": 136,
        "Operating Income": 49,
        "EBIT": 65,
        "Net Income": 49
    },
    "2019-06-30": {
        "Diluted EPS": 6.44,
        "Total Revenue": 129,
        "Gross Profit": 108,
        "Operating Income": 22,
        "EBIT": 33,
        "Net Income": 21
    },
    "2019-03-31": {
        "Diluted EPS": 89.64,
        "Total Revenue": 434,
        "Gross Profit": 375,
        "Operating Income": 283,
        "EBIT": 298,
        "Net Income": 284
    },
    "2018-12-31": {
        "Diluted EPS": -42.79,
        "Total Revenue": 6,
        "Gross Profit": -74,
        "Operating Income": -144,
        "EBIT": -130,
        "Net Income": -138
    },
    "2018-09-30": {
        "Diluted EPS": 12.83,
        "Total Revenue": 199,
        "Gross Profit": 124,
        "Operating Income": 47,
        "EBIT": 63,
        "Net Income": 41
    },
    "2018-06-30": {
        "Diluted EPS": 1.02,
        "Total Revenue": 122,
        "Gross Profit": 53,
        "Operating Income": -12,
        "EBIT": -3,
        "Net Income": 4
    },
    "2018-03-31": {
        "Diluted EPS": -12.82,
        "Total Revenue": 42,
        "Gross Profit": -17,
        "Operating Income": -65,
        "EBIT": -57,
        "Net Income": -48
    },
    "2017-12-31": {
        "Diluted EPS": 5.94,
        "Total Revenue": 114,
        "Gross Profit": 62,
        "Operating Income": 6,
        "EBIT": 17,
        "Net Income": 23
    },
    "2017-09-30": {
        "Diluted EPS": 130.81,
        "Total Revenue": 88,
        "Gross Profit": 53,
        "Operating Income": 9,
        "EBIT": 16,
        "Net Income": 562
    },
    "2017-06-30": {
        "Diluted EPS": 2.97,
        "Total Revenue": 84,
        "Gross Profit": 56,
        "Operating Income": -2,
        "EBIT": 10,
        "Net Income": 14
    },
    "2017-03-31": {
        "Diluted EPS": 6.34,
        "Total Revenue": 89,
        "Gross Profit": 58,
        "Operating Income": -3,
        "EBIT": 4,
        "Net Income": 29
    },
    "2016-12-31": {
        "Diluted EPS": -7.3,
        "Total Revenue": 268,
        "Gross Profit": 6,
        "Operating Income": -63,
        "EBIT": -38,
        "Net Income": -33
    },
    "2016-09-30": {
        "Diluted EPS": 18.61,
        "Total Revenue": 57,
        "Gross Profit": 29,
        "Operating Income": -13,
        "EBIT": -9,
        "Net Income": 91
    },
    "2016-06-30": {
        "Diluted EPS": 66.79,
        "Total Revenue": 49,
        "Gross Profit": 21,
        "Operating Income": -24,
        "EBIT": -27,
        "Net Income": 341
    },
    "2016-03-31": {
        "Diluted EPS": 2.34,
        "Total Revenue": 369,
        "Gross Profit": 100,
        "Operating Income": 13,
        "EBIT": 24,
        "Net Income": 13
    },
    "2015-12-31": {
        "Diluted EPS": 47.25,
        "Total Revenue": 603,
        "Gross Profit": 321,
        "Operating Income": 250,
        "EBIT": 237,
        "Net Income": 268
    },
    "2015-09-30": {
        "Diluted EPS": -10.01,
        "Total Revenue": 296,
        "Gross Profit": 14,
        "Operating Income": -83,
        "EBIT": -72,
        "Net Income": -59
    },
    "2015-06-30": {
        "Diluted EPS": 0.72,
        "Total Revenue": 369,
        "Gross Profit": 62,
        "Operating Income": -2,
        "EBIT": 4,
        "Net Income": 4
    },
    "2015-03-31": {
        "Diluted EPS": 14.09,
        "Total Revenue": 392,
        "Gross Profit": 115,
        "Operating Income": 5,
        "EBIT": 20,
        "Net Income": 84
    },
    "2014-12-31": {
        "Diluted EPS": 11.65,
        "Total Revenue": 406,
        "Gross Profit": 29,
        "Operating Income": -61,
        "EBIT": -53,
        "Net Income": 70
    },
    "2014-09-30": {
        "Diluted EPS": 8.42,
        "Total Revenue": 323,
        "Gross Profit": 31,
        "Operating Income": -32,
        "EBIT": -37,
        "Net Income": 51
    },
    "2014-06-30": {
        "Diluted EPS": 15.51,
        "Total Revenue": 653,
        "Gross Profit": 190,
        "Operating Income": 120,
        "EBIT": 137,
        "Net Income": 96
    },
    "2014-03-31": {
        "Diluted EPS": 15.48,
        "Total Revenue": 579,
        "Gross Profit": 173,
        "Operating Income": 123,
        "EBIT": 138,
        "Net Income": 96
    },
    "2013-12-31": {
        "Diluted EPS": 19.09,
        "Total Revenue": 627,
        "Gross Profit": 200,
        "Operating Income": 144,
        "EBIT": 144,
        "Net Income": 118
    },
    "2013-09-30": {
        "Diluted EPS": 9.26,
        "Total Revenue": 574,
        "Gross Profit": 109,
        "Operating Income": 67,
        "EBIT": 67,
        "Net Income": 57
    },
    "2013-06-30": {
        "Diluted EPS": 4.26,
        "Total Revenue": 489,
        "Gross Profit": 54,
        "Operating Income": 14,
        "EBIT": 14,
        "Net Income": 26
    },
    "2013-03-31": {
        "Diluted EPS": 19.17,
        "Total Revenue": 627,
        "Gross Profit": 206,
        "Operating Income": 162,
        "EBIT": 162,
        "Net Income": 120
    },
    "2012-12-31": {
        "Diluted EPS": 11.07,
        "Total Revenue": 566,
        "Gross Profit": -3,
        "Operating Income": -39,
        "EBIT": -39,
        "Net Income": 68
    },
    "2012-09-30": {
        "Diluted EPS": 2.9,
        "Total Revenue": 697,
        "Gross Profit": 205,
        "Operating Income": 146,
        "EBIT": 146,
        "Net Income": 19
    },
    "2012-06-30": {
        "Diluted EPS": 3.92,
        "Total Revenue": 542,
        "Gross Profit": 91,
        "Operating Income": 49,
        "EBIT": 49,
        "Net Income": 26
    },
    "2012-03-31": {
        "Diluted EPS": 12.61,
        "Total Revenue": 630,
        "Gross Profit": 197,
        "Operating Income": 152,
        "EBIT": 152,
        "Net Income": 94
    },
    "2011-12-31": {
        "Diluted EPS": 101.47,
        "Total Revenue": 588,
        "Gross Profit": 166,
        "Operating Income": 111,
        "EBIT": 111,
        "Net Income": 800
    },
    "2011-09-30": {
        "Diluted EPS": -2.0,
        "Total Revenue": 502,
        "Gross Profit": 50,
        "Operating Income": 14,
        "EBIT": 14,
        "Net Income": -16
    },
    "2011-06-30": {
        "Diluted EPS": 1.48,
        "Total Revenue": 554,
        "Gross Profit": 105,
        "Operating Income": 49,
        "EBIT": 49,
        "Net Income": 12
    },
    "2011-03-31": {
        "Diluted EPS": -3.51,
        "Total Revenue": 530,
        "Gross Profit": 7,
        "Operating Income": -21,
        "EBIT": -21,
        "Net Income": -28
    },
    "2010-12-31": {
        "Diluted EPS": 8.83,
        "Total Revenue": 797,
        "Gross Profit": 147,
        "Operating Income": 99,
        "EBIT": 99,
        "Net Income": 73
    },
    "2010-09-30": {
        "Diluted EPS": 6.01,
        "Total Revenue": 551,
        "Gross Profit": 121,
        "Operating Income": 88,
        "EBIT": 88,
        "Net Income": 51
    },
    "2010-06-30": {
        "Diluted EPS": 0.28,
        "Total Revenue": 690,
        "Gross Profit": 71,
        "Operating Income": 19,
        "EBIT": 19,
        "Net Income": 3
    },
    "2010-03-31": {
        "Diluted EPS": -4.48,
        "Total Revenue": NaN,
        "Gross Profit": 37,
        "Operating Income": -11,
        "EBIT": -11,
        "Net Income": -40
    },
    "2009-12-31": {
        "Diluted EPS": 11.29,
        "Total Revenue": 55,
        "Gross Profit": 204,
        "Operating Income": 203,
        "EBIT": 203,
        "Net Income": 100
    },
    "2009-09-30": {
        "Diluted EPS": 18.02,
        "Total Revenue": NaN,
        "Gross Profit": 354,
        "Operating Income": 275,
        "EBIT": 275,
        "Net Income": 160
    },
    "2009-06-30": {
        "Diluted EPS": 20.35,
        "Total Revenue": NaN,
        "Gross Profit": 382,
        "Operating Income": 322,
        "EBIT": 322,
        "Net Income": 180
    },
    "2009-03-31": {
        "Diluted EPS": 3.44,
        "Total Revenue": 967,
        "Gross Profit": 126,
        "Operating Income": 67,
        "EBIT": 67,
        "Net Income": 30
    },
    "2023-06-30": {
        "Tax Effect Of Unusual Items": NaN,
        "Tax Rate For Calcs": NaN,
        "Total Unusual Items": NaN,
        "Total Unusual Items Excluding Goodwill": NaN,
        "Net Income From Continuing Operation Net Minority Interest": NaN,
        "Reconciled Depreciation": NaN,
        "EBIT": NaN,
        "Net Interest Income": NaN,
        "Interest Expense": NaN,
        "Interest Income": NaN,
        "Normalized Income": NaN,
        "Net Income From Continuing And Discontinued Operation": NaN,
        "Total Expenses": NaN,
        "Diluted Average Shares": NaN,
        "Basic Average Shares": NaN,
        "Diluted EPS": NaN,
        "Basic EPS": NaN,
        "Diluted NI Availto Com Stockholders": NaN,
        "Net Income Common Stockholders": NaN,
        "Otherunder Preferred Stock Dividend": NaN,
        "Net Income": NaN,
        "Minority Interests": NaN,
        "Net Income Including Noncontrolling Interests": NaN,
        "Net Income Discontinuous Operations": 0.0,
        "Net Income Continuous Operations": NaN,
        "Tax Provision": NaN,
        "Pretax Income": NaN,
        "Other Income Expense": NaN,
        "Special Income Charges": NaN,
        "Other Special Charges": NaN,
        "Restructuring And Mergern Acquisition": NaN,
        "Net Non Operating Interest Income Expense": NaN,
        "Interest Expense Non Operating": NaN,
        "Other Operating Expenses": NaN,
        "Selling General And Administration": NaN,
        "General And Administrative Expense": NaN,
        "Other Gand A": NaN,
        "Total Revenue": NaN,
        "Operating Revenue": NaN,
        "Loss Adjustment Expense": NaN,
        "Net Policyholder Benefits And Claims": NaN,
        "Policyholder Benefits Gross": NaN,
        "Policyholder Benefits Ceded": NaN
    },
    "2023-09-30": {
        "Tax Effect Of Unusual Items": -5882000.0,
        "Tax Rate For Calcs": 0.346,
        "Total Unusual Items": -17000000.0,
        "Total Unusual Items Excluding Goodwill": -17000000.0,
        "Net Income From Continuing Operation Net Minority Interest": 23600000.0,
        "Reconciled Depreciation": -5300000.0,
        "EBIT": 36800000.0,
        "Net Interest Income": -15700000.0,
        "Interest Expense": 15700000.0,
        "Interest Income": 0.0,
        "Normalized Income": 34718000.0,
        "Net Income From Continuing And Discontinued Operation": 23600000.0,
        "Total Expenses": 498500000.0,
        "Diluted Average Shares": 2522900.0,
        "Basic Average Shares": 2522900.0,
        "Diluted EPS": 9.19,
        "Basic EPS": 9.19,
        "Diluted NI Availto Com Stockholders": 23300000.0,
        "Net Income Common Stockholders": 23300000.0,
        "Otherunder Preferred Stock Dividend": 300000.0,
        "Net Income": 23600000.0,
        "Minority Interests": 9800000.0,
        "Net Income Including Noncontrolling Interests": 13800000.0,
        "Net Income Discontinuous Operations": 0.0,
        "Net Income Continuous Operations": 13800000.0,
        "Tax Provision": 7300000.0,
        "Pretax Income": 21100000.0,
        "Other Income Expense": 19500000.0,
        "Special Income Charges": -17000000.0,
        "Other Special Charges": NaN,
        "Restructuring And Mergern Acquisition": 17000000.0,
        "Net Non Operating Interest Income Expense": -15700000.0,
        "Interest Expense Non Operating": 15700000.0,
        "Other Operating Expenses": 8000000.0,
        "Selling General And Administration": 99600000.0,
        "General And Administrative Expense": 99600000.0,
        "Other Gand A": 99600000.0,
        "Total Revenue": 519600000.0,
        "Operating Revenue": 519600000.0,
        "Loss Adjustment Expense": 265800000.0,
        "Net Policyholder Benefits And Claims": 265800000.0,
        "Policyholder Benefits Gross": 269300000.0,
        "Policyholder Benefits Ceded": 3500000.0
    },
    "2023-12-31": {
        "Tax Effect Of Unusual Items": -6699000.0,
        "Tax Rate For Calcs": 0.21,
        "Total Unusual Items": -31900000.0,
        "Total Unusual Items Excluding Goodwill": -31900000.0,
        "Net Income From Continuing Operation Net Minority Interest": 286500000.0,
        "Reconciled Depreciation": -7500000.0,
        "EBIT": 345600000.0,
        "Net Interest Income": -17800000.0,
        "Interest Expense": 17800000.0,
        "Interest Income": NaN,
        "Normalized Income": 311701000.0,
        "Net Income From Continuing And Discontinued Operation": 286500000.0,
        "Total Expenses": 409000000.0,
        "Diluted Average Shares": 2561008.0,
        "Basic Average Shares": 2561008.0,
        "Diluted EPS": 111.87,
        "Basic EPS": 111.87,
        "Diluted NI Availto Com Stockholders": 282400000.0,
        "Net Income Common Stockholders": 282400000.0,
        "Otherunder Preferred Stock Dividend": 4100000.0,
        "Net Income": 286500000.0,
        "Minority Interests": -76200000.0,
        "Net Income Including Noncontrolling Interests": 362700000.0,
        "Net Income Discontinuous Operations": 0.0,
        "Net Income Continuous Operations": 362700000.0,
        "Tax Provision": -34900000.0,
        "Pretax Income": 327800000.0,
        "Other Income Expense": 16200000.0,
        "Special Income Charges": -31900000.0,
        "Other Special Charges": NaN,
        "Restructuring And Mergern Acquisition": 31900000.0,
        "Net Non Operating Interest Income Expense": -17800000.0,
        "Interest Expense Non Operating": 17800000.0,
        "Other Operating Expenses": 6900000.0,
        "Selling General And Administration": 134400000.0,
        "General And Administrative Expense": 134400000.0,
        "Other Gand A": 134400000.0,
        "Total Revenue": 736800000.0,
        "Operating Revenue": 736800000.0,
        "Loss Adjustment Expense": 145700000.0,
        "Net Policyholder Benefits And Claims": 145700000.0,
        "Policyholder Benefits Gross": 155000000.0,
        "Policyholder Benefits Ceded": 9300000.0
    },
    "2024-03-31": {
        "Tax Effect Of Unusual Items": 0.0,
        "Tax Rate For Calcs": 0.046,
        "Total Unusual Items": 0.0,
        "Total Unusual Items Excluding Goodwill": 0.0,
        "Net Income From Continuing Operation Net Minority Interest": 236400000.0,
        "Reconciled Depreciation": -2100000.0,
        "EBIT": 247800000.0,
        "Net Interest Income": -15200000.0,
        "Interest Expense": 15200000.0,
        "Interest Income": NaN,
        "Normalized Income": 236400000.0,
        "Net Income From Continuing And Discontinued Operation": 236400000.0,
        "Total Expenses": 414700000.0,
        "Diluted Average Shares": 2531100.0,
        "Basic Average Shares": 2531100.0,
        "Diluted EPS": 92.33,
        "Basic EPS": 92.33,
        "Diluted NI Availto Com Stockholders": 233700000.0,
        "Net Income Common Stockholders": 233700000.0,
        "Otherunder Preferred Stock Dividend": 2700000.0,
        "Net Income": 236400000.0,
        "Minority Interests": 14600000.0,
        "Net Income Including Noncontrolling Interests": 221800000.0,
        "Net Income Discontinuous Operations": NaN,
        "Net Income Continuous Operations": 221800000.0,
        "Tax Provision": 10800000.0,
        "Pretax Income": 232600000.0,
        "Other Income Expense": 19200000.0,
        "Special Income Charges": 0.0,
        "Other Special Charges": NaN,
        "Restructuring And Mergern Acquisition": 0.0,
        "Net Non Operating Interest Income Expense": -15200000.0,
        "Interest Expense Non Operating": 15200000.0,
        "Other Operating Expenses": 7600000.0,
        "Selling General And Administration": 125200000.0,
        "General And Administrative Expense": 125200000.0,
        "Other Gand A": 125200000.0,
        "Total Revenue": 647300000.0,
        "Operating Revenue": 647300000.0,
        "Loss Adjustment Expense": 185800000.0,
        "Net Policyholder Benefits And Claims": 185800000.0,
        "Policyholder Benefits Gross": 259100000.0,
        "Policyholder Benefits Ceded": 73300000.0
    },
    "2024-06-30": {
        "Tax Effect Of Unusual Items": -2487100.0,
        "Tax Rate For Calcs": 0.187,
        "Total Unusual Items": -13300000.0,
        "Total Unusual Items Excluding Goodwill": -13300000.0,
        "Net Income From Continuing Operation Net Minority Interest": -54600000.0,
        "Reconciled Depreciation": -2700000.0,
        "EBIT": -19900000.0,
        "Net Interest Income": -14800000.0,
        "Interest Expense": 14800000.0,
        "Interest Income": NaN,
        "Normalized Income": -43787100.0,
        "Net Income From Continuing And Discontinued Operation": -54600000.0,
        "Total Expenses": 430100000.0,
        "Diluted Average Shares": 2531800.0,
        "Basic Average Shares": 2531800.0,
        "Diluted EPS": -21.24,
        "Basic EPS": -21.24,
        "Diluted NI Availto Com Stockholders": -53900000.0,
        "Net Income Common Stockholders": -53900000.0,
        "Otherunder Preferred Stock Dividend": -700000.0,
        "Net Income": -54600000.0,
        "Minority Interests": -13400000.0,
        "Net Income Including Noncontrolling Interests": -41200000.0,
        "Net Income Discontinuous Operations": NaN,
        "Net Income Continuous Operations": -41200000.0,
        "Tax Provision": 6500000.0,
        "Pretax Income": -34700000.0,
        "Other Income Expense": 18800000.0,
        "Special Income Charges": -13300000.0,
        "Other Special Charges": NaN,
        "Restructuring And Mergern Acquisition": 13300000.0,
        "Net Non Operating Interest Income Expense": -14800000.0,
        "Interest Expense Non Operating": 14800000.0,
        "Other Operating Expenses": 7000000.0,
        "Selling General And Administration": 122500000.0,
        "General And Administrative Expense": 122500000.0,
        "Other Gand A": 122500000.0,
        "Total Revenue": 395400000.0,
        "Operating Revenue": 395400000.0,
        "Loss Adjustment Expense": 183900000.0,
        "Net Policyholder Benefits And Claims": 183900000.0,
        "Policyholder Benefits Gross": 256900000.0,
        "Policyholder Benefits Ceded": 73000000.0
    },
    "2024-09-30": {
        "Tax Effect Of Unusual Items": -7137600.0,
        "Tax Rate For Calcs": 0.048,
        "Total Unusual Items": -148700000.0,
        "Total Unusual Items Excluding Goodwill": -148700000.0,
        "Net Income From Continuing Operation Net Minority Interest": 179000000.0,
        "Reconciled Depreciation": -2700000.0,
        "EBIT": 256200000.0,
        "Net Interest Income": -16700000.0,
        "Interest Expense": 16700000.0,
        "Interest Income": 7900000.0,
        "Normalized Income": 320562400.0,
        "Net Income From Continuing And Discontinued Operation": 179000000.0,
        "Total Expenses": 714100000.0,
        "Diluted Average Shares": 2532700.0,
        "Basic Average Shares": 2532700.0,
        "Diluted EPS": 69.68,
        "Basic EPS": 69.68,
        "Diluted NI Availto Com Stockholders": 176500000.0,
        "Net Income Common Stockholders": 176500000.0,
        "Otherunder Preferred Stock Dividend": 2500000.0,
        "Net Income": 179000000.0,
        "Minority Interests": -48900000.0,
        "Net Income Including Noncontrolling Interests": 227900000.0,
        "Net Income Discontinuous Operations": NaN,
        "Net Income Continuous Operations": 227900000.0,
        "Tax Provision": 11600000.0,
        "Pretax Income": 239500000.0,
        "Other Income Expense": 21400000.0,
        "Special Income Charges": -148700000.0,
        "Other Special Charges": 114500000.0,
        "Restructuring And Mergern Acquisition": 34200000.0,
        "Net Non Operating Interest Income Expense": -16700000.0,
        "Interest Expense Non Operating": 16700000.0,
        "Other Operating Expenses": 7600000.0,
        "Selling General And Administration": 121900000.0,
        "General And Administrative Expense": 121900000.0,
        "Other Gand A": 121900000.0,
        "Total Revenue": 953600000.0,
        "Operating Revenue": 953600000.0,
        "Loss Adjustment Expense": 296900000.0,
        "Net Policyholder Benefits And Claims": 296900000.0,
        "Policyholder Benefits Gross": 359300000.0,
        "Policyholder Benefits Ceded": 62400000.0
    }
}