{
    "2023-03-31": {
        "Tax Effect Of Unusual Items": 1246770.0,
        "Tax Rate For Calcs": 0.21,
        "Normalized EBITDA": 310322000.0,
        "Total Unusual Items": 5937000.0,
        "Total Unusual Items Excluding Goodwill": 5937000.0,
        "Net Income From Continuing Operation Net Minority Interest": 191434000.0,
        "Reconciled Depreciation": 83794000.0,
        "Reconciled Cost Of Revenue": 394309000.0,
        "EBITDA": 316259000.0,
        "EBIT": 232465000.0,
        "Net Interest Income": -71849000.0,
        "Interest Expense": 72668000.0,
        "Interest Income": 819000.0,
        "Normalized Income": 186743770.0,
        "Net Income From Continuing And Discontinued Operation": 191434000.0,
        "Total Expenses": 500981000.0,
        "Total Operating Income As Reported": 225469000.0,
        "Diluted Average Shares": 264751000.0,
        "Basic Average Shares": 264192000.0,
        "Diluted EPS": 0.72,
        "Basic EPS": 0.72,
        "Diluted NI Availto Com Stockholders": 191434000.0,
        "Net Income Common Stockholders": 191434000.0,
        "Net Income": 191434000.0,
        "Net Income Including Noncontrolling Interests": 191434000.0,
        "Net Income Continuous Operations": 191434000.0,
        "Tax Provision": -31637000.0,
        "Pretax Income": 159797000.0,
        "Other Income Expense": 6177000.0,
        "Other Non Operating Income Expenses": 240000.0,
        "Special Income Charges": 5937000.0,
        "Gain On Sale Of Ppe": 249000.0,
        "Other Special Charges": -5688000.0,
        "Net Non Operating Interest Income Expense": -71849000.0,
        "Interest Expense Non Operating": 72668000.0,
        "Interest Income Non Operating": 819000.0,
        "Operating Income": 225469000.0,
        "Operating Expense": 106672000.0,
        "Other Taxes": 22878000.0,
        "Depreciation Amortization Depletion Income Statement": 83794000.0,
        "Depreciation And Amortization In Income Statement": 83794000.0,
        "Amortization": 871000.0,
        "Amortization Of Intangibles Income Statement": 871000.0,
        "Depreciation Income Statement": 82923000.0,
        "Gross Profit": 332141000.0,
        "Cost Of Revenue": 394309000.0,
        "Total Revenue": 726450000.0,
        "Operating Revenue": 726450000.0
    },
    "2022-12-31": {
        "Tax Effect Of Unusual Items": 1276170.0,
        "Tax Rate For Calcs": 0.21,
        "Normalized EBITDA": 248558000.0,
        "Total Unusual Items": 6077000.0,
        "Total Unusual Items Excluding Goodwill": 6077000.0,
        "Net Income From Continuing Operation Net Minority Interest": 114932000.0,
        "Reconciled Depreciation": 80925000.0,
        "Reconciled Cost Of Revenue": 431825000.0,
        "EBITDA": 254635000.0,
        "EBIT": 173710000.0,
        "Net Interest Income": -68039000.0,
        "Interest Expense": 68771000.0,
        "Interest Income": 732000.0,
        "Normalized Income": 110131170.0,
        "Net Income From Continuing And Discontinued Operation": 114932000.0,
        "Total Expenses": 535422000.0,
        "Total Operating Income As Reported": 169961000.0,
        "Diluted Average Shares": 263317000.0,
        "Basic Average Shares": 262711000.0,
        "Diluted EPS": 0.44,
        "Basic EPS": 0.44,
        "Diluted NI Availto Com Stockholders": 114932000.0,
        "Net Income Common Stockholders": 114932000.0,
        "Net Income": 114932000.0,
        "Net Income Including Noncontrolling Interests": 114932000.0,
        "Net Income Continuous Operations": 114932000.0,
        "Tax Provision": -9993000.0,
        "Pretax Income": 104939000.0,
        "Other Income Expense": 3017000.0,
        "Other Non Operating Income Expenses": -3060000.0,
        "Special Income Charges": 6077000.0,
        "Gain On Sale Of Ppe": 214000.0,
        "Other Special Charges": -5863000.0,
        "Net Non Operating Interest Income Expense": -68039000.0,
        "Interest Expense Non Operating": 68771000.0,
        "Interest Income Non Operating": 732000.0,
        "Operating Income": 169961000.0,
        "Operating Expense": 103597000.0,
        "Other Taxes": 22672000.0,
        "Depreciation Amortization Depletion Income Statement": 80925000.0,
        "Depreciation And Amortization In Income Statement": 80925000.0,
        "Amortization": 888000.0,
        "Amortization Of Intangibles Income Statement": 888000.0,
        "Depreciation Income Statement": 80037000.0,
        "Gross Profit": 273558000.0,
        "Cost Of Revenue": 431825000.0,
        "Total Revenue": 705383000.0,
        "Operating Revenue": 705383000.0
    },
    "2022-09-30": {
        "Tax Effect Of Unusual Items": 399189.310274,
        "Tax Rate For Calcs": 0.065323,
        "Normalized EBITDA": 210542000.0,
        "Total Unusual Items": 6111000.0,
        "Total Unusual Items Excluding Goodwill": 6111000.0,
        "Net Income From Continuing Operation Net Minority Interest": 68638000.0,
        "Reconciled Depreciation": 82730000.0,
        "Reconciled Cost Of Revenue": 203402000.0,
        "EBITDA": 216653000.0,
        "EBIT": 133923000.0,
        "Net Interest Income": -58978000.0,
        "Interest Expense": 60488000.0,
        "Interest Income": 1510000.0,
        "Normalized Income": 62926189.310274,
        "Net Income From Continuing And Discontinued Operation": 68638000.0,
        "Total Expenses": 308757000.0,
        "Total Operating Income As Reported": 125861000.0,
        "Diluted Average Shares": 262754000.0,
        "Basic Average Shares": 262213000.0,
        "Diluted EPS": 0.26,
        "Basic EPS": 0.26,
        "Diluted NI Availto Com Stockholders": 68638000.0,
        "Net Income Common Stockholders": 68638000.0,
        "Net Income": 68638000.0,
        "Net Income Including Noncontrolling Interests": 68638000.0,
        "Net Income Continuous Operations": 68638000.0,
        "Tax Provision": 4797000.0,
        "Pretax Income": 73435000.0,
        "Other Income Expense": 6552000.0,
        "Other Non Operating Income Expenses": 441000.0,
        "Special Income Charges": 6111000.0,
        "Gain On Sale Of Ppe": 299000.0,
        "Other Special Charges": -5812000.0,
        "Net Non Operating Interest Income Expense": -58978000.0,
        "Interest Expense Non Operating": 60488000.0,
        "Interest Income Non Operating": 1510000.0,
        "Operating Income": 125861000.0,
        "Operating Expense": 105355000.0,
        "Other Operating Expenses": NaN,
        "Other Taxes": 22625000.0,
        "Depreciation Amortization Depletion Income Statement": 82730000.0,
        "Depreciation And Amortization In Income Statement": 82730000.0,
        "Amortization": 2259000.0,
        "Amortization Of Intangibles Income Statement": 2259000.0,
        "Depreciation Income Statement": 80471000.0,
        "Gross Profit": 231216000.0,
        "Cost Of Revenue": 203402000.0,
        "Total Revenue": 434618000.0,
        "Operating Revenue": 434618000.0
    },
    "2022-06-30": {
        "Tax Effect Of Unusual Items": 594029.272826,
        "Tax Rate For Calcs": 0.089611,
        "Normalized EBITDA": 218159000.0,
        "Total Unusual Items": 6629000.0,
        "Total Unusual Items Excluding Goodwill": 6629000.0,
        "Net Income From Continuing Operation Net Minority Interest": 82291000.0,
        "Reconciled Depreciation": 79176000.0,
        "Reconciled Cost Of Revenue": 210124000.0,
        "EBITDA": 224788000.0,
        "EBIT": 145612000.0,
        "Net Interest Income": -54397000.0,
        "Interest Expense": 55221000.0,
        "Interest Income": 824000.0,
        "Normalized Income": 76256029.272826,
        "Net Income From Continuing And Discontinued Operation": 82291000.0,
        "Total Expenses": 311020000.0,
        "Total Operating Income As Reported": 137736000.0,
        "Diluted Average Shares": 262558000.0,
        "Basic Average Shares": 262099000.0,
        "Diluted EPS": 0.31,
        "Basic EPS": 0.31,
        "Diluted NI Availto Com Stockholders": 82291000.0,
        "Net Income Common Stockholders": 82291000.0,
        "Net Income": 82291000.0,
        "Net Income Including Noncontrolling Interests": 82291000.0,
        "Net Income Continuous Operations": 82291000.0,
        "Tax Provision": 8100000.0,
        "Pretax Income": 90391000.0,
        "Other Income Expense": 7052000.0,
        "Other Non Operating Income Expenses": 423000.0,
        "Special Income Charges": 6629000.0,
        "Gain On Sale Of Ppe": 478000.0,
        "Other Special Charges": -6151000.0,
        "Net Non Operating Interest Income Expense": -54397000.0,
        "Interest Expense Non Operating": 55221000.0,
        "Interest Income Non Operating": 824000.0,
        "Operating Income": 137736000.0,
        "Operating Expense": 100896000.0,
        "Other Operating Expenses": NaN,
        "Other Taxes": 21720000.0,
        "Depreciation Amortization Depletion Income Statement": 79176000.0,
        "Depreciation And Amortization In Income Statement": 79176000.0,
        "Amortization": 1751000.0,
        "Amortization Of Intangibles Income Statement": 1751000.0,
        "Depreciation Income Statement": 77425000.0,
        "Gross Profit": 238632000.0,
        "Cost Of Revenue": 210124000.0,
        "Total Revenue": 448756000.0,
        "Operating Revenue": 448756000.0
    },
    "2022-03-31": {
        "Diluted EPS": 0.76,
        "Total Revenue": 699,
        "Gross Profit": 472,
        "Operating Income": 228,
        "EBIT": 306,
        "Net Income": 199
    },
    "2021-12-31": {
        "Diluted EPS": 0.44,
        "Total Revenue": 536,
        "Gross Profit": 398,
        "Operating Income": 140,
        "EBIT": 216,
        "Net Income": 117
    },
    "2021-09-30": {
        "Diluted EPS": 0.19,
        "Total Revenue": 362,
        "Gross Profit": 336,
        "Operating Income": 101,
        "EBIT": 176,
        "Net Income": 51
    },
    "2021-06-30": {
        "Diluted EPS": 0.32,
        "Total Revenue": 397,
        "Gross Profit": 352,
        "Operating Income": 129,
        "EBIT": 204,
        "Net Income": 81
    },
    "2021-03-31": {
        "Diluted EPS": 0.72,
        "Total Revenue": 584,
        "Gross Profit": 451,
        "Operating Income": 232,
        "EBIT": 305,
        "Net Income": 184
    },
    "2020-12-31": {
        "Diluted EPS": 0.41,
        "Total Revenue": 474,
        "Gross Profit": 381,
        "Operating Income": 133,
        "EBIT": 204,
        "Net Income": 103
    },
    "2020-09-30": {
        "Diluted EPS": 0.22,
        "Total Revenue": 349,
        "Gross Profit": 332,
        "Operating Income": 105,
        "EBIT": 175,
        "Net Income": 56
    },
    "2020-06-30": {
        "Diluted EPS": 0.29,
        "Total Revenue": 384,
        "Gross Profit": 341,
        "Operating Income": 123,
        "EBIT": 193,
        "Net Income": 75
    },
    "2020-03-31": {
        "Diluted EPS": 0.2,
        "Total Revenue": 256,
        "Gross Profit": 243,
        "Operating Income": 73,
        "EBIT": 120,
        "Net Income": 52
    },
    "2019-12-31": {
        "Diluted EPS": 0.32,
        "Total Revenue": 226,
        "Gross Profit": 226,
        "Operating Income": 85,
        "EBIT": 126,
        "Net Income": 64
    },
    "2019-09-30": {
        "Diluted EPS": 0.38,
        "Total Revenue": 244,
        "Gross Profit": 244,
        "Operating Income": 106,
        "EBIT": 146,
        "Net Income": 88
    },
    "2019-06-30": {
        "Diluted EPS": 0.25,
        "Total Revenue": 219,
        "Gross Profit": 219,
        "Operating Income": 81,
        "EBIT": 118,
        "Net Income": 55
    },
    "2019-03-31": {
        "Diluted EPS": 0.09,
        "Total Revenue": 201,
        "Gross Profit": 201,
        "Operating Income": 67,
        "EBIT": 107,
        "Net Income": 17
    },
    "2018-12-31": {
        "Diluted EPS": -0.02,
        "Total Revenue": 206,
        "Gross Profit": 206,
        "Operating Income": 63,
        "EBIT": 99,
        "Net Income": -4
    },
    "2018-09-30": {
        "Diluted EPS": 0.44,
        "Total Revenue": 226,
        "Gross Profit": 226,
        "Operating Income": 104,
        "EBIT": 142,
        "Net Income": 78
    },
    "2018-06-30": {
        "Diluted EPS": 0.37,
        "Total Revenue": 212,
        "Gross Profit": 212,
        "Operating Income": 87,
        "EBIT": 124,
        "Net Income": 67
    },
    "2018-03-31": {
        "Diluted EPS": 0.29,
        "Total Revenue": 194,
        "Gross Profit": 194,
        "Operating Income": 69,
        "EBIT": 105,
        "Net Income": 51
    },
    "2017-12-31": {
        "Diluted EPS": 0.3,
        "Total Revenue": 203,
        "Gross Profit": 203,
        "Operating Income": 78,
        "EBIT": 113,
        "Net Income": 53
    },
    "2017-09-30": {
        "Diluted EPS": 0.43,
        "Total Revenue": 215,
        "Gross Profit": 215,
        "Operating Income": 99,
        "EBIT": 133,
        "Net Income": 76
    },
    "2017-06-30": {
        "Diluted EPS": 0.34,
        "Total Revenue": 203,
        "Gross Profit": 203,
        "Operating Income": 86,
        "EBIT": 119,
        "Net Income": 61
    },
    "2017-03-31": {
        "Diluted EPS": 0.28,
        "Total Revenue": 188,
        "Gross Profit": 188,
        "Operating Income": 71,
        "EBIT": 105,
        "Net Income": 49
    },
    "2016-12-31": {
        "Diluted EPS": 0.29,
        "Total Revenue": 197,
        "Gross Profit": 197,
        "Operating Income": 80,
        "EBIT": 114,
        "Net Income": 50
    },
    "2016-09-30": {
        "Diluted EPS": 0.41,
        "Total Revenue": 227,
        "Gross Profit": 227,
        "Operating Income": 98,
        "EBIT": 132,
        "Net Income": 73
    },
    "2016-06-30": {
        "Diluted EPS": 0.33,
        "Total Revenue": 204,
        "Gross Profit": 204,
        "Operating Income": 83,
        "EBIT": 116,
        "Net Income": 60
    },
    "2016-03-31": {
        "Diluted EPS": 0.29,
        "Total Revenue": 193,
        "Gross Profit": 193,
        "Operating Income": 72,
        "EBIT": 105,
        "Net Income": 52
    },
    "2015-12-31": {
        "Diluted EPS": 0.17,
        "Total Revenue": 197,
        "Gross Profit": 197,
        "Operating Income": 75,
        "EBIT": 107,
        "Net Income": 28
    },
    "2015-09-30": {
        "Diluted EPS": 0.38,
        "Total Revenue": 221,
        "Gross Profit": 221,
        "Operating Income": 95,
        "EBIT": 128,
        "Net Income": 67
    },
    "2015-06-30": {
        "Diluted EPS": 0.32,
        "Total Revenue": 206,
        "Gross Profit": 206,
        "Operating Income": 80,
        "EBIT": 112,
        "Net Income": 57
    },
    "2015-03-31": {
        "Diluted EPS": 0.27,
        "Total Revenue": 190,
        "Gross Profit": 190,
        "Operating Income": 71,
        "EBIT": 103,
        "Net Income": 49
    },
    "2014-12-31": {
        "Diluted EPS": 0.38,
        "Total Revenue": 191,
        "Gross Profit": 191,
        "Operating Income": 73,
        "EBIT": 105,
        "Net Income": 67
    },
    "2014-09-30": {
        "Diluted EPS": 0.38,
        "Total Revenue": 211,
        "Gross Profit": 211,
        "Operating Income": 95,
        "EBIT": 125,
        "Net Income": 68
    },
    "2014-06-30": {
        "Diluted EPS": 0.31,
        "Total Revenue": 195,
        "Gross Profit": 195,
        "Operating Income": 80,
        "EBIT": 112,
        "Net Income": 56
    },
    "2014-03-31": {
        "Diluted EPS": 0.24,
        "Total Revenue": 183,
        "Gross Profit": 183,
        "Operating Income": 67,
        "EBIT": 99,
        "Net Income": 43
    },
    "2013-12-31": {
        "Diluted EPS": 0.33,
        "Total Revenue": 187,
        "Gross Profit": 187,
        "Operating Income": 69,
        "EBIT": 101,
        "Net Income": 58
    },
    "2013-09-30": {
        "Diluted EPS": 0.36,
        "Total Revenue": 202,
        "Gross Profit": 202,
        "Operating Income": 86,
        "EBIT": 117,
        "Net Income": 64
    },
    "2013-06-30": {
        "Diluted EPS": 0.3,
        "Total Revenue": 194,
        "Gross Profit": 194,
        "Operating Income": 80,
        "EBIT": 110,
        "Net Income": 54
    },
    "2013-03-31": {
        "Diluted EPS": 0.26,
        "Total Revenue": 179,
        "Gross Profit": 179,
        "Operating Income": 67,
        "EBIT": 97,
        "Net Income": 47
    },
    "2012-12-31": {
        "Diluted EPS": 0.37,
        "Total Revenue": 180,
        "Gross Profit": 180,
        "Operating Income": 68,
        "EBIT": 98,
        "Net Income": 67
    },
    "2012-09-30": {
        "Diluted EPS": 0.29,
        "Total Revenue": 215,
        "Gross Profit": 215,
        "Operating Income": 101,
        "EBIT": 130,
        "Net Income": 51
    },
    "2012-06-30": {
        "Diluted EPS": 0.24,
        "Total Revenue": 192,
        "Gross Profit": 192,
        "Operating Income": 87,
        "EBIT": 116,
        "Net Income": 41
    },
    "2012-03-31": {
        "Diluted EPS": 0.22,
        "Total Revenue": 164,
        "Gross Profit": 164,
        "Operating Income": 62,
        "EBIT": 90,
        "Net Income": 38
    },
    "2011-12-31": {
        "Diluted EPS": 0.2,
        "Total Revenue": 154,
        "Gross Profit": 154,
        "Operating Income": 61,
        "EBIT": 87,
        "Net Income": 34
    },
    "2011-09-30": {
        "Diluted EPS": 0.24,
        "Total Revenue": 191,
        "Gross Profit": 191,
        "Operating Income": 87,
        "EBIT": 112,
        "Net Income": 41
    },
    "2011-06-30": {
        "Diluted EPS": 0.22,
        "Total Revenue": 178,
        "Gross Profit": 178,
        "Operating Income": 73,
        "EBIT": 101,
        "Net Income": 38
    },
    "2011-03-31": {
        "Diluted EPS": 0.18,
        "Total Revenue": 164,
        "Gross Profit": 164,
        "Operating Income": 61,
        "EBIT": 89,
        "Net Income": 30
    },
    "2010-12-31": {
        "Diluted EPS": 0.16,
        "Total Revenue": 128,
        "Gross Profit": 128,
        "Operating Income": 57,
        "EBIT": 82,
        "Net Income": 29
    },
    "2010-09-30": {
        "Diluted EPS": 0.26,
        "Total Revenue": 193,
        "Gross Profit": 193,
        "Operating Income": 83,
        "EBIT": 111,
        "Net Income": 44
    },
    "2010-06-30": {
        "Diluted EPS": 0.18,
        "Total Revenue": 178,
        "Gross Profit": 178,
        "Operating Income": 66,
        "EBIT": 96,
        "Net Income": 30
    },
    "2010-03-31": {
        "Diluted EPS": 0.13,
        "Total Revenue": 161,
        "Gross Profit": 161,
        "Operating Income": 51,
        "EBIT": 80,
        "Net Income": 22
    },
    "2009-12-31": {
        "Diluted EPS": 0.15,
        "Total Revenue": 131,
        "Gross Profit": 131,
        "Operating Income": 51,
        "EBIT": 77,
        "Net Income": 27
    },
    "2009-09-30": {
        "Diluted EPS": 0.2,
        "Total Revenue": 181,
        "Gross Profit": 181,
        "Operating Income": 71,
        "EBIT": 100,
        "Net Income": 33
    },
    "2009-06-30": {
        "Diluted EPS": 0.15,
        "Total Revenue": 167,
        "Gross Profit": 167,
        "Operating Income": 59,
        "EBIT": 87,
        "Net Income": 26
    },
    "2009-03-31": {
        "Diluted EPS": 0.11,
        "Total Revenue": 154,
        "Gross Profit": 154,
        "Operating Income": 47,
        "EBIT": 76,
        "Net Income": 18
    },
    "2023-06-30": {
        "Tax Effect Of Unusual Items": 765240.0,
        "Tax Rate For Calcs": 0.21,
        "Normalized EBITDA": 242204000.0,
        "Total Unusual Items": 3644000.0,
        "Total Unusual Items Excluding Goodwill": 3644000.0,
        "Net Income From Continuing Operation Net Minority Interest": 91268000.0,
        "Reconciled Depreciation": 85661000.0,
        "Reconciled Cost Of Revenue": 175441000.0,
        "EBITDA": 245848000.0,
        "EBIT": 160187000.0,
        "Net Interest Income": -68212000.0,
        "Interest Expense": 69182000.0,
        "Interest Income": 970000.0,
        "Normalized Income": 88389240.0,
        "Net Income From Continuing And Discontinued Operation": 91268000.0,
        "Total Expenses": 281450000.0,
        "Total Operating Income As Reported": 155250000.0,
        "Diluted Average Shares": 264818000.0,
        "Basic Average Shares": 264418000.0,
        "Diluted EPS": 0.34,
        "Basic EPS": 0.35,
        "Diluted NI Availto Com Stockholders": 91268000.0,
        "Net Income Common Stockholders": 91268000.0,
        "Net Income": 91268000.0,
        "Net Income Including Noncontrolling Interests": 91268000.0,
        "Net Income Continuous Operations": 91268000.0,
        "Tax Provision": -263000.0,
        "Pretax Income": 91005000.0,
        "Other Income Expense": 3967000.0,
        "Other Non Operating Income Expenses": 323000.0,
        "Special Income Charges": 3644000.0,
        "Gain On Sale Of Ppe": 220000.0,
        "Other Special Charges": -3424000.0,
        "Net Non Operating Interest Income Expense": -68212000.0,
        "Interest Expense Non Operating": 69182000.0,
        "Interest Income Non Operating": 970000.0,
        "Operating Income": 155250000.0,
        "Operating Expense": 106009000.0,
        "Other Taxes": 20348000.0,
        "Depreciation Amortization Depletion Income Statement": 85661000.0,
        "Depreciation And Amortization In Income Statement": 85661000.0,
        "Amortization": 724000.0,
        "Amortization Of Intangibles Income Statement": 724000.0,
        "Depreciation Income Statement": 84937000.0,
        "Gross Profit": 261259000.0,
        "Cost Of Revenue": 175441000.0,
        "Total Revenue": 436700000.0,
        "Operating Revenue": 436700000.0
    },
    "2023-09-30": {
        "Tax Effect Of Unusual Items": 1085700.0,
        "Tax Rate For Calcs": 0.21,
        "Normalized EBITDA": 225820000.0,
        "Total Unusual Items": 5170000.0,
        "Total Unusual Items Excluding Goodwill": 5170000.0,
        "Net Income From Continuing Operation Net Minority Interest": 80076000.0,
        "Reconciled Depreciation": 86035000.0,
        "Reconciled Cost Of Revenue": 163608000.0,
        "EBITDA": 230990000.0,
        "EBIT": 144955000.0,
        "Net Interest Income": -67648000.0,
        "Interest Expense": 68590000.0,
        "Interest Income": 942000.0,
        "Normalized Income": 75991700.0,
        "Net Income From Continuing And Discontinued Operation": 80076000.0,
        "Total Expenses": 273850000.0,
        "Total Operating Income As Reported": 137405000.0,
        "Diluted Average Shares": 267176000.0,
        "Basic Average Shares": 266767000.0,
        "Diluted EPS": 0.3,
        "Basic EPS": 0.3,
        "Diluted NI Availto Com Stockholders": 80076000.0,
        "Net Income Common Stockholders": 80076000.0,
        "Net Income": 80076000.0,
        "Net Income Including Noncontrolling Interests": 80076000.0,
        "Net Income Continuous Operations": 80076000.0,
        "Tax Provision": -3711000.0,
        "Pretax Income": 76365000.0,
        "Other Income Expense": 6608000.0,
        "Other Non Operating Income Expenses": 1438000.0,
        "Special Income Charges": 5170000.0,
        "Gain On Sale Of Ppe": -285000.0,
        "Other Special Charges": -5455000.0,
        "Net Non Operating Interest Income Expense": -67648000.0,
        "Interest Expense Non Operating": 68590000.0,
        "Interest Income Non Operating": 942000.0,
        "Operating Income": 137405000.0,
        "Operating Expense": 110242000.0,
        "Other Taxes": 24207000.0,
        "Depreciation Amortization Depletion Income Statement": 86035000.0,
        "Depreciation And Amortization In Income Statement": 86035000.0,
        "Amortization": 1687000.0,
        "Amortization Of Intangibles Income Statement": 1687000.0,
        "Depreciation Income Statement": 84348000.0,
        "Gross Profit": 247647000.0,
        "Cost Of Revenue": 163608000.0,
        "Total Revenue": 411255000.0,
        "Operating Revenue": 411255000.0
    },
    "2023-12-31": {
        "Tax Effect Of Unusual Items": 479010.0,
        "Tax Rate For Calcs": 0.21,
        "Normalized EBITDA": 263460000.0,
        "Total Unusual Items": 2281000.0,
        "Total Unusual Items Excluding Goodwill": 2281000.0,
        "Net Income From Continuing Operation Net Minority Interest": 135448000.0,
        "Reconciled Depreciation": 88205000.0,
        "Reconciled Cost Of Revenue": 194466000.0,
        "EBITDA": 265741000.0,
        "EBIT": 177536000.0,
        "Net Interest Income": -72252000.0,
        "Interest Expense": 72922000.0,
        "Interest Income": 670000.0,
        "Normalized Income": 133646010.0,
        "Net Income From Continuing And Discontinued Operation": 135448000.0,
        "Total Expenses": 305446000.0,
        "Total Operating Income As Reported": 173973000.0,
        "Diluted Average Shares": 273536000.0,
        "Basic Average Shares": 273210000.0,
        "Diluted EPS": 0.5,
        "Basic EPS": 0.5,
        "Diluted NI Availto Com Stockholders": 135448000.0,
        "Net Income Common Stockholders": 135448000.0,
        "Net Income": 135448000.0,
        "Net Income Including Noncontrolling Interests": 135448000.0,
        "Net Income Continuous Operations": 135448000.0,
        "Tax Provision": -30834000.0,
        "Pretax Income": 104614000.0,
        "Other Income Expense": 2893000.0,
        "Other Non Operating Income Expenses": 612000.0,
        "Special Income Charges": 2281000.0,
        "Gain On Sale Of Ppe": -119000.0,
        "Other Special Charges": -2400000.0,
        "Net Non Operating Interest Income Expense": -72252000.0,
        "Interest Expense Non Operating": 72922000.0,
        "Interest Income Non Operating": 670000.0,
        "Operating Income": 173973000.0,
        "Operating Expense": 110980000.0,
        "Other Taxes": 22775000.0,
        "Depreciation Amortization Depletion Income Statement": 88205000.0,
        "Depreciation And Amortization In Income Statement": 88205000.0,
        "Amortization": 1758000.0,
        "Amortization Of Intangibles Income Statement": 1758000.0,
        "Depreciation Income Statement": 86447000.0,
        "Gross Profit": 284953000.0,
        "Cost Of Revenue": 194466000.0,
        "Total Revenue": 479419000.0,
        "Operating Revenue": 479419000.0
    },
    "2024-03-31": {
        "Tax Effect Of Unusual Items": 20224260.0,
        "Tax Rate For Calcs": 0.21,
        "Normalized EBITDA": 321901000.0,
        "Total Unusual Items": 96306000.0,
        "Total Unusual Items Excluding Goodwill": 96306000.0,
        "Net Income From Continuing Operation Net Minority Interest": 265772000.0,
        "Reconciled Depreciation": 89804000.0,
        "Reconciled Cost Of Revenue": 266575000.0,
        "EBITDA": 418207000.0,
        "EBIT": 328403000.0,
        "Net Interest Income": -72284000.0,
        "Interest Expense": 73273000.0,
        "Interest Income": 989000.0,
        "Normalized Income": 189690260.0,
        "Net Income From Continuing And Discontinued Operation": 265772000.0,
        "Total Expenses": 381403000.0,
        "Total Operating Income As Reported": 230666000.0,
        "Diluted Average Shares": 273738000.0,
        "Basic Average Shares": 273377000.0,
        "Diluted EPS": 0.97,
        "Basic EPS": 0.97,
        "Diluted NI Availto Com Stockholders": 265772000.0,
        "Net Income Common Stockholders": 265772000.0,
        "Net Income": 265772000.0,
        "Net Income Including Noncontrolling Interests": 265772000.0,
        "Net Income Continuous Operations": 265772000.0,
        "Tax Provision": -10642000.0,
        "Pretax Income": 255130000.0,
        "Other Income Expense": 96748000.0,
        "Other Non Operating Income Expenses": 442000.0,
        "Special Income Charges": 96306000.0,
        "Gain On Sale Of Ppe": 91625000.0,
        "Other Special Charges": -4681000.0,
        "Net Non Operating Interest Income Expense": -72284000.0,
        "Interest Expense Non Operating": 73273000.0,
        "Interest Income Non Operating": 989000.0,
        "Operating Income": 230666000.0,
        "Operating Expense": 114828000.0,
        "Other Taxes": 25024000.0,
        "Depreciation Amortization Depletion Income Statement": 89804000.0,
        "Depreciation And Amortization In Income Statement": 89804000.0,
        "Amortization": 1088000.0,
        "Amortization Of Intangibles Income Statement": 1088000.0,
        "Depreciation Income Statement": 88716000.0,
        "Gross Profit": 345494000.0,
        "Cost Of Revenue": 266575000.0,
        "Total Revenue": 612069000.0,
        "Operating Revenue": 612069000.0
    },
    "2024-06-30": {
        "Tax Effect Of Unusual Items": 130368.0,
        "Tax Rate For Calcs": 0.024,
        "Normalized EBITDA": 235508000.0,
        "Total Unusual Items": 5432000.0,
        "Total Unusual Items Excluding Goodwill": 5432000.0,
        "Net Income From Continuing Operation Net Minority Interest": 75385000.0,
        "Reconciled Depreciation": 90646000.0,
        "Reconciled Cost Of Revenue": 176240000.0,
        "EBITDA": 240940000.0,
        "EBIT": 150294000.0,
        "Net Interest Income": -72769000.0,
        "Interest Expense": 73045000.0,
        "Interest Income": 276000.0,
        "Normalized Income": 70083368.0,
        "Net Income From Continuing And Discontinued Operation": 75385000.0,
        "Total Expenses": 289119000.0,
        "Total Operating Income As Reported": 145287000.0,
        "Diluted Average Shares": 273953000.0,
        "Basic Average Shares": 273567000.0,
        "Diluted EPS": 0.28,
        "Basic EPS": 0.28,
        "Diluted NI Availto Com Stockholders": 75385000.0,
        "Net Income Common Stockholders": 75385000.0,
        "Net Income": 75385000.0,
        "Net Income Including Noncontrolling Interests": 75385000.0,
        "Net Income Continuous Operations": 75385000.0,
        "Tax Provision": 1864000.0,
        "Pretax Income": 77249000.0,
        "Other Income Expense": 4731000.0,
        "Other Non Operating Income Expenses": -701000.0,
        "Special Income Charges": 5432000.0,
        "Gain On Sale Of Ppe": 203000.0,
        "Other Special Charges": -5229000.0,
        "Net Non Operating Interest Income Expense": -72769000.0,
        "Interest Expense Non Operating": 73045000.0,
        "Interest Income Non Operating": 276000.0,
        "Operating Income": 145287000.0,
        "Operating Expense": 112879000.0,
        "Other Taxes": 22233000.0,
        "Depreciation Amortization Depletion Income Statement": 90646000.0,
        "Depreciation And Amortization In Income Statement": 90646000.0,
        "Amortization": 1068000.0,
        "Amortization Of Intangibles Income Statement": 1068000.0,
        "Depreciation Income Statement": 89578000.0,
        "Gross Profit": 258166000.0,
        "Cost Of Revenue": 176240000.0,
        "Total Revenue": 434406000.0,
        "Operating Revenue": 434406000.0
    },
    "2024-09-30": {
        "Tax Effect Of Unusual Items": 1084752.0,
        "Tax Rate For Calcs": 0.186,
        "Normalized EBITDA": 248857000.0,
        "Total Unusual Items": 5832000.0,
        "Total Unusual Items Excluding Goodwill": 5832000.0,
        "Net Income From Continuing Operation Net Minority Interest": 69402000.0,
        "Reconciled Depreciation": 92601000.0,
        "Reconciled Cost Of Revenue": 163463000.0,
        "EBITDA": 254689000.0,
        "EBIT": 162088000.0,
        "Net Interest Income": -75452000.0,
        "Interest Expense": 76846000.0,
        "Interest Income": 1394000.0,
        "Normalized Income": 64654752.0,
        "Net Income From Continuing And Discontinued Operation": 69402000.0,
        "Total Expenses": 280166000.0,
        "Total Operating Income As Reported": 155089000.0,
        "Diluted Average Shares": 274543000.0,
        "Basic Average Shares": 274021000.0,
        "Diluted EPS": 0.25,
        "Basic EPS": 0.25,
        "Diluted NI Availto Com Stockholders": 69402000.0,
        "Net Income Common Stockholders": 69402000.0,
        "Net Income": 69402000.0,
        "Net Income Including Noncontrolling Interests": 69402000.0,
        "Net Income Continuous Operations": 69402000.0,
        "Tax Provision": 15840000.0,
        "Pretax Income": 85242000.0,
        "Other Income Expense": 5605000.0,
        "Other Non Operating Income Expenses": -227000.0,
        "Special Income Charges": 5832000.0,
        "Gain On Sale Of Ppe": 239000.0,
        "Other Special Charges": -5593000.0,
        "Net Non Operating Interest Income Expense": -75452000.0,
        "Interest Expense Non Operating": 76846000.0,
        "Interest Income Non Operating": 1394000.0,
        "Operating Income": 155089000.0,
        "Operating Expense": 116703000.0,
        "Other Taxes": 24102000.0,
        "Depreciation Amortization Depletion Income Statement": 92601000.0,
        "Depreciation And Amortization In Income Statement": 92601000.0,
        "Amortization": 1153000.0,
        "Amortization Of Intangibles Income Statement": 1153000.0,
        "Depreciation Income Statement": 91448000.0,
        "Gross Profit": 271792000.0,
        "Cost Of Revenue": 163463000.0,
        "Total Revenue": 435255000.0,
        "Operating Revenue": 435255000.0
    }
}