{
    "2023-03-31": {
        "Tax Effect Of Unusual Items": 67500.0,
        "Tax Rate For Calcs": 0.225,
        "Normalized EBITDA": 94700000.0,
        "Total Unusual Items": 300000.0,
        "Total Unusual Items Excluding Goodwill": 300000.0,
        "Net Income From Continuing Operation Net Minority Interest": 64700000.0,
        "Reconciled Depreciation": 10000000.0,
        "Reconciled Cost Of Revenue": 253600000.0,
        "EBITDA": 95000000.0,
        "EBIT": 85000000.0,
        "Net Interest Income": -1100000.0,
        "Interest Expense": 1500000.0,
        "Interest Income": 400000.0,
        "Normalized Income": 64467500.0,
        "Net Income From Continuing And Discontinued Operation": 64700000.0,
        "Total Expenses": 387300000.0,
        "Total Operating Income As Reported": 84700000.0,
        "Diluted Average Shares": 33500000.0,
        "Basic Average Shares": 33400000.0,
        "Diluted EPS": 1.93,
        "Basic EPS": 1.94,
        "Diluted NI Availto Com Stockholders": 64700000.0,
        "Net Income Common Stockholders": 64700000.0,
        "Net Income": 64700000.0,
        "Net Income Including Noncontrolling Interests": 64700000.0,
        "Net Income Continuous Operations": 64700000.0,
        "Tax Provision": 18800000.0,
        "Pretax Income": 83500000.0,
        "Other Income Expense": 200000.0,
        "Other Non Operating Income Expenses": -100000.0,
        "Special Income Charges": 300000.0,
        "Restructuring And Mergern Acquisition": -300000.0,
        "Net Non Operating Interest Income Expense": -1100000.0,
        "Interest Expense Non Operating": 1500000.0,
        "Interest Income Non Operating": 400000.0,
        "Operating Income": 84400000.0,
        "Operating Expense": 133700000.0,
        "Selling General And Administration": 133700000.0,
        "Gross Profit": 218100000.0,
        "Cost Of Revenue": 253600000.0,
        "Total Revenue": 471700000.0,
        "Operating Revenue": 471700000.0
    },
    "2022-12-31": {
        "Tax Effect Of Unusual Items": -924000.0,
        "Tax Rate For Calcs": 0.21,
        "Normalized EBITDA": 80200000.0,
        "Total Unusual Items": -4400000.0,
        "Total Unusual Items Excluding Goodwill": -4400000.0,
        "Net Income From Continuing Operation Net Minority Interest": 68600000.0,
        "Reconciled Depreciation": 9100000.0,
        "Reconciled Cost Of Revenue": 283300000.0,
        "EBITDA": 75800000.0,
        "EBIT": 66700000.0,
        "Net Interest Income": -1700000.0,
        "Interest Expense": 2000000.0,
        "Interest Income": 300000.0,
        "Normalized Income": 72076000.0,
        "Net Income From Continuing And Discontinued Operation": 68600000.0,
        "Total Expenses": 430300000.0,
        "Total Operating Income As Reported": 67200000.0,
        "Diluted Average Shares": 33500000.0,
        "Basic Average Shares": 33400000.0,
        "Diluted EPS": 2.05,
        "Basic EPS": 2.05,
        "Diluted NI Availto Com Stockholders": 68600000.0,
        "Net Income Common Stockholders": 68600000.0,
        "Net Income": 68600000.0,
        "Net Income Including Noncontrolling Interests": 68600000.0,
        "Net Income Continuous Operations": 68600000.0,
        "Tax Provision": -3900000.0,
        "Pretax Income": 64700000.0,
        "Other Income Expense": -5200000.0,
        "Other Non Operating Income Expenses": -800000.0,
        "Special Income Charges": -4400000.0,
        "Restructuring And Mergern Acquisition": 6200000.0,
        "Net Non Operating Interest Income Expense": -1700000.0,
        "Interest Expense Non Operating": 2000000.0,
        "Interest Income Non Operating": 300000.0,
        "Operating Income": 71600000.0,
        "Operating Expense": 147000000.0,
        "Selling General And Administration": 147000000.0,
        "Gross Profit": 218600000.0,
        "Cost Of Revenue": 283300000.0,
        "Total Revenue": 501900000.0,
        "Operating Revenue": 501900000.0
    },
    "2022-09-30": {
        "Tax Effect Of Unusual Items": -433629.441624,
        "Tax Rate For Calcs": 0.255076,
        "Normalized EBITDA": 92700000.0,
        "Total Unusual Items": -1700000.0,
        "Total Unusual Items Excluding Goodwill": -1700000.0,
        "Net Income From Continuing Operation Net Minority Interest": 58700000.0,
        "Reconciled Depreciation": 10300000.0,
        "Reconciled Cost Of Revenue": 269900000.0,
        "EBITDA": 91000000.0,
        "EBIT": 80700000.0,
        "Net Interest Income": -1700000.0,
        "Interest Expense": 1900000.0,
        "Interest Income": 200000.0,
        "Normalized Income": 59966370.558376,
        "Net Income From Continuing And Discontinued Operation": 58700000.0,
        "Total Expenses": 405700000.0,
        "Total Operating Income As Reported": 80400000.0,
        "Diluted Average Shares": 33500000.0,
        "Basic Average Shares": 33400000.0,
        "Diluted EPS": 1.75,
        "Basic EPS": 1.76,
        "Diluted NI Availto Com Stockholders": 58700000.0,
        "Net Income Common Stockholders": 58700000.0,
        "Net Income": 58700000.0,
        "Net Income Including Noncontrolling Interests": 58700000.0,
        "Net Income Continuous Operations": 58700000.0,
        "Tax Provision": 20100000.0,
        "Pretax Income": 78800000.0,
        "Other Income Expense": -1600000.0,
        "Other Non Operating Income Expenses": 100000.0,
        "Special Income Charges": -1700000.0,
        "Gain On Sale Of Ppe": NaN,
        "Restructuring And Mergern Acquisition": 1700000.0,
        "Net Non Operating Interest Income Expense": -1700000.0,
        "Interest Expense Non Operating": 1900000.0,
        "Interest Income Non Operating": 200000.0,
        "Operating Income": 82100000.0,
        "Operating Expense": 135800000.0,
        "Selling General And Administration": 135800000.0,
        "Gross Profit": 217900000.0,
        "Cost Of Revenue": 269900000.0,
        "Total Revenue": 487800000.0,
        "Operating Revenue": 487800000.0
    },
    "2022-06-30": {
        "Tax Effect Of Unusual Items": -442144.373673,
        "Tax Rate For Calcs": 0.260085,
        "Normalized EBITDA": 97600000.0,
        "Total Unusual Items": -1700000.0,
        "Total Unusual Items Excluding Goodwill": -1700000.0,
        "Net Income From Continuing Operation Net Minority Interest": 69700000.0,
        "Reconciled Depreciation": 10000000.0,
        "Reconciled Cost Of Revenue": 287400000.0,
        "EBITDA": 95900000.0,
        "EBIT": 95900000.0,
        "Net Interest Income": -1700000.0,
        "Interest Expense": 1700000.0,
        "Interest Income": 0.0,
        "Normalized Income": 70957855.626327,
        "Net Income From Continuing And Discontinued Operation": 69700000.0,
        "Total Expenses": 429000000.0,
        "Total Operating Income As Reported": 95900000.0,
        "Diluted Average Shares": 33600000.0,
        "Basic Average Shares": 33500000.0,
        "Diluted EPS": 2.07,
        "Basic EPS": 2.08,
        "Diluted NI Availto Com Stockholders": 69700000.0,
        "Net Income Common Stockholders": 69700000.0,
        "Net Income": 69700000.0,
        "Net Income Including Noncontrolling Interests": 69700000.0,
        "Net Income Continuous Operations": 69700000.0,
        "Tax Provision": 24500000.0,
        "Pretax Income": 94200000.0,
        "Other Income Expense": -1700000.0,
        "Other Non Operating Income Expenses": NaN,
        "Special Income Charges": -1700000.0,
        "Gain On Sale Of Ppe": NaN,
        "Restructuring And Mergern Acquisition": 1700000.0,
        "Net Non Operating Interest Income Expense": -1700000.0,
        "Interest Expense Non Operating": 1700000.0,
        "Interest Income Non Operating": 0.0,
        "Operating Income": 97600000.0,
        "Operating Expense": 141600000.0,
        "Selling General And Administration": 141600000.0,
        "Gross Profit": 239200000.0,
        "Cost Of Revenue": 287400000.0,
        "Total Revenue": 526600000.0,
        "Operating Revenue": 526600000.0
    },
    "2023-06-30": {
        "Tax Effect Of Unusual Items": -393600.0,
        "Tax Rate For Calcs": 0.246,
        "Normalized EBITDA": 114200000.0,
        "Total Unusual Items": -1600000.0,
        "Total Unusual Items Excluding Goodwill": -1600000.0,
        "Net Income From Continuing Operation Net Minority Interest": 75900000.0,
        "Reconciled Depreciation": 10300000.0,
        "Reconciled Cost Of Revenue": 280000000.0,
        "EBITDA": 112600000.0,
        "EBIT": 102300000.0,
        "Net Interest Income": -400000.0,
        "Interest Expense": 1700000.0,
        "Interest Income": 1300000.0,
        "Normalized Income": 77106400.0,
        "Net Income From Continuing And Discontinued Operation": 75900000.0,
        "Total Expenses": 430800000.0,
        "Total Operating Income As Reported": 100400000.0,
        "Diluted Average Shares": 33600000.0,
        "Basic Average Shares": 33500000.0,
        "Diluted EPS": 2.26,
        "Basic EPS": 2.27,
        "Diluted NI Availto Com Stockholders": 75900000.0,
        "Net Income Common Stockholders": 75900000.0,
        "Net Income": 75900000.0,
        "Net Income Including Noncontrolling Interests": 75900000.0,
        "Net Income Continuous Operations": 75900000.0,
        "Tax Provision": 24700000.0,
        "Pretax Income": 100600000.0,
        "Other Income Expense": -1000000.0,
        "Other Non Operating Income Expenses": 600000.0,
        "Special Income Charges": -1600000.0,
        "Restructuring And Mergern Acquisition": 1600000.0,
        "Net Non Operating Interest Income Expense": -400000.0,
        "Interest Expense Non Operating": 1700000.0,
        "Interest Income Non Operating": 1300000.0,
        "Operating Income": 102000000.0,
        "Operating Expense": 150800000.0,
        "Selling General And Administration": 150800000.0,
        "Gross Profit": 252800000.0,
        "Cost Of Revenue": 280000000.0,
        "Total Revenue": 532800000.0,
        "Operating Revenue": 532800000.0
    },
    "2022-03-31": {
        "Diluted EPS": 1.61,
        "Total Revenue": 463,
        "Gross Profit": 199,
        "Operating Income": 72,
        "EBIT": 82,
        "Net Income": 55
    },
    "2021-12-31": {
        "Diluted EPS": 1.17,
        "Total Revenue": 474,
        "Gross Profit": 199,
        "Operating Income": 63,
        "EBIT": 74,
        "Net Income": 40
    },
    "2021-09-30": {
        "Diluted EPS": 1.37,
        "Total Revenue": 455,
        "Gross Profit": 194,
        "Operating Income": 65,
        "EBIT": 75,
        "Net Income": 46
    },
    "2021-06-30": {
        "Diluted EPS": 1.11,
        "Total Revenue": 467,
        "Gross Profit": 200,
        "Operating Income": 53,
        "EBIT": 64,
        "Net Income": 38
    },
    "2021-03-31": {
        "Diluted EPS": 1.23,
        "Total Revenue": 413,
        "Gross Profit": 174,
        "Operating Income": 60,
        "EBIT": 71,
        "Net Income": 42
    },
    "2020-12-31": {
        "Diluted EPS": 0.86,
        "Total Revenue": 403,
        "Gross Profit": 169,
        "Operating Income": 54,
        "EBIT": 66,
        "Net Income": 29
    },
    "2020-09-30": {
        "Diluted EPS": 0.97,
        "Total Revenue": 384,
        "Gross Profit": 159,
        "Operating Income": 48,
        "EBIT": 60,
        "Net Income": 33
    },
    "2020-06-30": {
        "Diluted EPS": 0.59,
        "Total Revenue": 339,
        "Gross Profit": 135,
        "Operating Income": 31,
        "EBIT": 43,
        "Net Income": 20
    },
    "2020-03-31": {
        "Diluted EPS": 0.94,
        "Total Revenue": 383,
        "Gross Profit": 163,
        "Operating Income": 48,
        "EBIT": 59,
        "Net Income": 32
    },
    "2019-12-31": {
        "Diluted EPS": 0.94,
        "Total Revenue": 400,
        "Gross Profit": 170,
        "Operating Income": 47,
        "EBIT": 60,
        "Net Income": 32
    },
    "2019-09-30": {
        "Diluted EPS": 0.94,
        "Total Revenue": 395,
        "Gross Profit": 169,
        "Operating Income": 49,
        "EBIT": 60,
        "Net Income": 32
    },
    "2019-06-30": {
        "Diluted EPS": 1.06,
        "Total Revenue": 417,
        "Gross Profit": 175,
        "Operating Income": 54,
        "EBIT": 66,
        "Net Income": 36
    },
    "2019-03-31": {
        "Diluted EPS": 0.91,
        "Total Revenue": 389,
        "Gross Profit": 164,
        "Operating Income": 47,
        "EBIT": 58,
        "Net Income": 31
    },
    "2018-12-31": {
        "Diluted EPS": 0.94,
        "Total Revenue": 388,
        "Gross Profit": 166,
        "Operating Income": 45,
        "EBIT": 57,
        "Net Income": 32
    },
    "2018-09-30": {
        "Diluted EPS": 0.92,
        "Total Revenue": 391,
        "Gross Profit": 165,
        "Operating Income": 47,
        "EBIT": 59,
        "Net Income": 32
    },
    "2018-06-30": {
        "Diluted EPS": 1.05,
        "Total Revenue": 408,
        "Gross Profit": 169,
        "Operating Income": 52,
        "EBIT": 65,
        "Net Income": 36
    },
    "2018-03-31": {
        "Diluted EPS": 0.82,
        "Total Revenue": 379,
        "Gross Profit": 157,
        "Operating Income": 44,
        "EBIT": 57,
        "Net Income": 28
    },
    "2017-12-31": {
        "Diluted EPS": -0.07,
        "Total Revenue": 366,
        "Gross Profit": 149,
        "Operating Income": 38,
        "EBIT": 51,
        "Net Income": -2
    },
    "2017-09-30": {
        "Diluted EPS": 0.77,
        "Total Revenue": 365,
        "Gross Profit": 153,
        "Operating Income": 44,
        "EBIT": 57,
        "Net Income": 27
    },
    "2017-06-30": {
        "Diluted EPS": 0.79,
        "Total Revenue": 379,
        "Gross Profit": 157,
        "Operating Income": 45,
        "EBIT": 58,
        "Net Income": 27
    },
    "2017-03-31": {
        "Diluted EPS": 0.63,
        "Total Revenue": 347,
        "Gross Profit": 144,
        "Operating Income": 36,
        "EBIT": 48,
        "Net Income": 22
    },
    "2016-12-31": {
        "Diluted EPS": 0.51,
        "Total Revenue": 342,
        "Gross Profit": 138,
        "Operating Income": 32,
        "EBIT": 45,
        "Net Income": 18
    },
    "2016-09-30": {
        "Diluted EPS": 0.63,
        "Total Revenue": 341,
        "Gross Profit": 142,
        "Operating Income": 37,
        "EBIT": 50,
        "Net Income": 22
    },
    "2016-06-30": {
        "Diluted EPS": 0.83,
        "Total Revenue": 371,
        "Gross Profit": 151,
        "Operating Income": 46,
        "EBIT": 58,
        "Net Income": 29
    },
    "2016-03-31": {
        "Diluted EPS": 0.47,
        "Total Revenue": 344,
        "Gross Profit": 135,
        "Operating Income": 31,
        "EBIT": 44,
        "Net Income": 16
    },
    "2015-12-31": {
        "Diluted EPS": -3.39,
        "Total Revenue": 358,
        "Gross Profit": 135,
        "Operating Income": -118,
        "EBIT": -105,
        "Net Income": -118
    },
    "2015-09-30": {
        "Diluted EPS": -0.73,
        "Total Revenue": 366,
        "Gross Profit": 142,
        "Operating Income": -30,
        "EBIT": -16,
        "Net Income": -26
    },
    "2015-06-30": {
        "Diluted EPS": 0.55,
        "Total Revenue": 387,
        "Gross Profit": 146,
        "Operating Income": 35,
        "EBIT": 48,
        "Net Income": 19
    },
    "2015-03-31": {
        "Diluted EPS": 0.33,
        "Total Revenue": 356,
        "Gross Profit": 131,
        "Operating Income": 23,
        "EBIT": 36,
        "Net Income": 12
    },
    "2014-12-31": {
        "Diluted EPS": -0.22,
        "Total Revenue": 377,
        "Gross Profit": 131,
        "Operating Income": 0,
        "EBIT": 13,
        "Net Income": -8
    },
    "2014-09-30": {
        "Diluted EPS": 0.64,
        "Total Revenue": 376,
        "Gross Profit": 138,
        "Operating Income": 43,
        "EBIT": 55,
        "Net Income": 23
    },
    "2014-06-30": {
        "Diluted EPS": 0.6,
        "Total Revenue": 396,
        "Gross Profit": 139,
        "Operating Income": 37,
        "EBIT": 49,
        "Net Income": 21
    },
    "2014-03-31": {
        "Diluted EPS": 0.4,
        "Total Revenue": 365,
        "Gross Profit": 133,
        "Operating Income": 26,
        "EBIT": 38,
        "Net Income": 14
    },
    "2013-12-31": {
        "Diluted EPS": 0.24,
        "Total Revenue": 376,
        "Gross Profit": 131,
        "Operating Income": 17,
        "EBIT": 30,
        "Net Income": 8
    },
    "2013-09-30": {
        "Diluted EPS": 0.43,
        "Total Revenue": 372,
        "Gross Profit": 134,
        "Operating Income": 30,
        "EBIT": 42,
        "Net Income": 15
    },
    "2013-06-30": {
        "Diluted EPS": 0.53,
        "Total Revenue": 367,
        "Gross Profit": 133,
        "Operating Income": 36,
        "EBIT": 48,
        "Net Income": 19
    },
    "2013-03-31": {
        "Diluted EPS": 0.45,
        "Total Revenue": 359,
        "Gross Profit": 129,
        "Operating Income": 29,
        "EBIT": 41,
        "Net Income": 16
    },
    "2012-12-31": {
        "Diluted EPS": 0.44,
        "Total Revenue": 346,
        "Gross Profit": 127,
        "Operating Income": 31,
        "EBIT": 44,
        "Net Income": 16
    },
    "2012-09-30": {
        "Diluted EPS": 0.53,
        "Total Revenue": 353,
        "Gross Profit": 128,
        "Operating Income": 33,
        "EBIT": 44,
        "Net Income": 19
    },
    "2012-06-30": {
        "Diluted EPS": 0.51,
        "Total Revenue": 367,
        "Gross Profit": 130,
        "Operating Income": 33,
        "EBIT": 46,
        "Net Income": 19
    },
    "2012-03-31": {
        "Diluted EPS": 0.42,
        "Total Revenue": 361,
        "Gross Profit": 129,
        "Operating Income": 27,
        "EBIT": 39,
        "Net Income": 16
    },
    "2011-12-31": {
        "Diluted EPS": 0.47,
        "Total Revenue": 331,
        "Gross Profit": 121,
        "Operating Income": 43,
        "EBIT": 53,
        "Net Income": 17
    },
    "2011-09-30": {
        "Diluted EPS": 0.63,
        "Total Revenue": 371,
        "Gross Profit": 136,
        "Operating Income": 41,
        "EBIT": 54,
        "Net Income": 24
    },
    "2011-06-30": {
        "Diluted EPS": 0.39,
        "Total Revenue": 376,
        "Gross Profit": 130,
        "Operating Income": 27,
        "EBIT": 41,
        "Net Income": 15
    },
    "2011-03-31": {
        "Diluted EPS": 0.29,
        "Total Revenue": 330,
        "Gross Profit": 121,
        "Operating Income": 23,
        "EBIT": 34,
        "Net Income": 11
    },
    "2010-12-31": {
        "Diluted EPS": 0.3,
        "Total Revenue": 317,
        "Gross Profit": 113,
        "Operating Income": 23,
        "EBIT": 35,
        "Net Income": 11
    },
    "2010-09-30": {
        "Diluted EPS": 0.46,
        "Total Revenue": 315,
        "Gross Profit": 114,
        "Operating Income": 32,
        "EBIT": 42,
        "Net Income": 17
    },
    "2010-06-30": {
        "Diluted EPS": 0.59,
        "Total Revenue": 324,
        "Gross Profit": 121,
        "Operating Income": 33,
        "EBIT": 44,
        "Net Income": 22
    },
    "2010-03-31": {
        "Diluted EPS": 0.22,
        "Total Revenue": 319,
        "Gross Profit": 118,
        "Operating Income": 26,
        "EBIT": 38,
        "Net Income": 8
    },
    "2009-12-31": {
        "Diluted EPS": 0.39,
        "Total Revenue": 323,
        "Gross Profit": 120,
        "Operating Income": 24,
        "EBIT": 37,
        "Net Income": 14
    },
    "2009-09-30": {
        "Diluted EPS": 0.09,
        "Total Revenue": 304,
        "Gross Profit": 109,
        "Operating Income": 24,
        "EBIT": 36,
        "Net Income": 3
    },
    "2009-06-30": {
        "Diluted EPS": -0.1,
        "Total Revenue": 308,
        "Gross Profit": 109,
        "Operating Income": 29,
        "EBIT": 40,
        "Net Income": -4
    },
    "2009-03-31": {
        "Diluted EPS": 0.09,
        "Total Revenue": 291,
        "Gross Profit": 97,
        "Operating Income": 16,
        "EBIT": 26,
        "Net Income": 3
    },
    "2023-09-30": {
        "Tax Effect Of Unusual Items": -101200.0,
        "Tax Rate For Calcs": 0.253,
        "Normalized EBITDA": 100200000.0,
        "Total Unusual Items": -400000.0,
        "Total Unusual Items Excluding Goodwill": -400000.0,
        "Net Income From Continuing Operation Net Minority Interest": 65800000.0,
        "Reconciled Depreciation": 10500000.0,
        "Reconciled Cost Of Revenue": 269900000.0,
        "EBITDA": 99800000.0,
        "EBIT": 89300000.0,
        "Net Interest Income": 1100000.0,
        "Interest Expense": 1200000.0,
        "Interest Income": 2300000.0,
        "Normalized Income": 66098800.0,
        "Net Income From Continuing And Discontinued Operation": 65800000.0,
        "Total Expenses": 416800000.0,
        "Total Operating Income As Reported": 87100000.0,
        "Diluted Average Shares": 33500000.0,
        "Basic Average Shares": 33400000.0,
        "Diluted EPS": 1.96,
        "Basic EPS": 1.97,
        "Diluted NI Availto Com Stockholders": 65800000.0,
        "Net Income Common Stockholders": 65800000.0,
        "Net Income": 65800000.0,
        "Net Income Including Noncontrolling Interests": 65800000.0,
        "Net Income Continuous Operations": 65800000.0,
        "Tax Provision": 22300000.0,
        "Pretax Income": 88100000.0,
        "Other Income Expense": -500000.0,
        "Other Non Operating Income Expenses": -100000.0,
        "Special Income Charges": -400000.0,
        "Restructuring And Mergern Acquisition": 400000.0,
        "Net Non Operating Interest Income Expense": 1100000.0,
        "Interest Expense Non Operating": 1200000.0,
        "Interest Income Non Operating": 2300000.0,
        "Operating Income": 87500000.0,
        "Operating Expense": 146900000.0,
        "Selling General And Administration": 146900000.0,
        "Gross Profit": 234400000.0,
        "Cost Of Revenue": 269900000.0,
        "Total Revenue": 504300000.0,
        "Operating Revenue": 504300000.0
    },
    "2023-12-31": {
        "Tax Effect Of Unusual Items": -1061836.998706,
        "Tax Rate For Calcs": 0.279431,
        "Normalized EBITDA": 97400000.0,
        "Total Unusual Items": -3800000.0,
        "Total Unusual Items Excluding Goodwill": -3800000.0,
        "Net Income From Continuing Operation Net Minority Interest": 55700000.0,
        "Reconciled Depreciation": 12500000.0,
        "Reconciled Cost Of Revenue": 291900000.0,
        "EBITDA": 93600000.0,
        "EBIT": 81100000.0,
        "Net Interest Income": -600000.0,
        "Interest Expense": 3800000.0,
        "Interest Income": 3200000.0,
        "Normalized Income": 58438163.001294,
        "Net Income From Continuing And Discontinued Operation": 55700000.0,
        "Total Expenses": 465000000.0,
        "Total Operating Income As Reported": 78700000.0,
        "Diluted Average Shares": NaN,
        "Basic Average Shares": NaN,
        "Diluted EPS": NaN,
        "Basic EPS": NaN,
        "Diluted NI Availto Com Stockholders": 55700000.0,
        "Net Income Common Stockholders": 55700000.0,
        "Net Income": 55700000.0,
        "Net Income Including Noncontrolling Interests": 55700000.0,
        "Net Income Continuous Operations": 55700000.0,
        "Tax Provision": 21600000.0,
        "Pretax Income": 77300000.0,
        "Other Income Expense": -4600000.0,
        "Other Non Operating Income Expenses": -800000.0,
        "Special Income Charges": -3800000.0,
        "Restructuring And Mergern Acquisition": 3800000.0,
        "Net Non Operating Interest Income Expense": -600000.0,
        "Interest Expense Non Operating": 3800000.0,
        "Interest Income Non Operating": 3200000.0,
        "Operating Income": 82500000.0,
        "Operating Expense": 173100000.0,
        "Selling General And Administration": 173100000.0,
        "Gross Profit": 255600000.0,
        "Cost Of Revenue": 291900000.0,
        "Total Revenue": 547500000.0,
        "Operating Revenue": 547500000.0
    }
}