{
    "2023-03-31": {
        "Tax Effect Of Unusual Items": NaN,
        "Tax Rate For Calcs": NaN,
        "Normalized EBITDA": NaN,
        "Total Unusual Items": NaN,
        "Total Unusual Items Excluding Goodwill": NaN,
        "Net Income From Continuing Operation Net Minority Interest": NaN,
        "Reconciled Depreciation": NaN,
        "Reconciled Cost Of Revenue": NaN,
        "EBITDA": NaN,
        "EBIT": NaN,
        "Net Interest Income": NaN,
        "Interest Expense": NaN,
        "Normalized Income": NaN,
        "Net Income From Continuing And Discontinued Operation": NaN,
        "Total Expenses": NaN,
        "Total Operating Income As Reported": NaN,
        "Diluted Average Shares": NaN,
        "Basic Average Shares": NaN,
        "Diluted EPS": NaN,
        "Basic EPS": NaN,
        "Diluted NI Availto Com Stockholders": NaN,
        "Average Dilution Earnings": -23000.0,
        "Net Income Common Stockholders": NaN,
        "Net Income": NaN,
        "Minority Interests": NaN,
        "Net Income Including Noncontrolling Interests": NaN,
        "Net Income Continuous Operations": NaN,
        "Earnings From Equity Interest Net Of Tax": NaN,
        "Tax Provision": NaN,
        "Pretax Income": NaN,
        "Other Income Expense": NaN,
        "Other Non Operating Income Expenses": NaN,
        "Special Income Charges": NaN,
        "Gain On Sale Of Ppe": NaN,
        "Other Special Charges": NaN,
        "Write Off": 11166000.0,
        "Impairment Of Capital Assets": 11166000.0,
        "Restructuring And Mergern Acquisition": 0.0,
        "Gain On Sale Of Security": -4000.0,
        "Net Non Operating Interest Income Expense": NaN,
        "Interest Expense Non Operating": NaN,
        "Operating Income": NaN,
        "Operating Expense": NaN,
        "Depreciation Amortization Depletion Income Statement": NaN,
        "Depreciation And Amortization In Income Statement": NaN,
        "Selling General And Administration": NaN,
        "Gross Profit": NaN,
        "Cost Of Revenue": NaN,
        "Total Revenue": NaN,
        "Operating Revenue": NaN
    },
    "2022-12-31": {
        "Tax Effect Of Unusual Items": NaN,
        "Tax Rate For Calcs": NaN,
        "Normalized EBITDA": NaN,
        "Total Unusual Items": NaN,
        "Total Unusual Items Excluding Goodwill": NaN,
        "Net Income From Continuing Operation Net Minority Interest": NaN,
        "Reconciled Depreciation": NaN,
        "Reconciled Cost Of Revenue": NaN,
        "EBITDA": NaN,
        "EBIT": NaN,
        "Net Interest Income": NaN,
        "Interest Expense": NaN,
        "Normalized Income": NaN,
        "Net Income From Continuing And Discontinued Operation": NaN,
        "Total Expenses": NaN,
        "Total Operating Income As Reported": NaN,
        "Diluted Average Shares": NaN,
        "Basic Average Shares": NaN,
        "Diluted EPS": NaN,
        "Basic EPS": NaN,
        "Diluted NI Availto Com Stockholders": NaN,
        "Average Dilution Earnings": NaN,
        "Net Income Common Stockholders": NaN,
        "Net Income": NaN,
        "Minority Interests": NaN,
        "Net Income Including Noncontrolling Interests": NaN,
        "Net Income Continuous Operations": NaN,
        "Earnings From Equity Interest Net Of Tax": NaN,
        "Tax Provision": NaN,
        "Pretax Income": NaN,
        "Other Income Expense": NaN,
        "Other Non Operating Income Expenses": NaN,
        "Special Income Charges": NaN,
        "Gain On Sale Of Ppe": NaN,
        "Other Special Charges": NaN,
        "Write Off": NaN,
        "Impairment Of Capital Assets": NaN,
        "Restructuring And Mergern Acquisition": 416000.0,
        "Gain On Sale Of Security": 1000.0,
        "Net Non Operating Interest Income Expense": NaN,
        "Interest Expense Non Operating": NaN,
        "Operating Income": NaN,
        "Operating Expense": NaN,
        "Depreciation Amortization Depletion Income Statement": NaN,
        "Depreciation And Amortization In Income Statement": NaN,
        "Selling General And Administration": NaN,
        "Gross Profit": NaN,
        "Cost Of Revenue": NaN,
        "Total Revenue": NaN,
        "Operating Revenue": NaN
    },
    "2022-09-30": {
        "Tax Effect Of Unusual Items": NaN,
        "Tax Rate For Calcs": NaN,
        "Normalized EBITDA": NaN,
        "Total Unusual Items": NaN,
        "Total Unusual Items Excluding Goodwill": NaN,
        "Net Income From Continuing Operation Net Minority Interest": NaN,
        "Reconciled Depreciation": NaN,
        "Reconciled Cost Of Revenue": NaN,
        "EBITDA": NaN,
        "EBIT": NaN,
        "Net Interest Income": NaN,
        "Interest Expense": NaN,
        "Normalized Income": NaN,
        "Net Income From Continuing And Discontinued Operation": NaN,
        "Total Expenses": NaN,
        "Total Operating Income As Reported": NaN,
        "Diluted Average Shares": NaN,
        "Basic Average Shares": NaN,
        "Diluted EPS": NaN,
        "Basic EPS": NaN,
        "Diluted NI Availto Com Stockholders": NaN,
        "Average Dilution Earnings": 50000.0,
        "Net Income Common Stockholders": NaN,
        "Net Income": NaN,
        "Minority Interests": NaN,
        "Net Income Including Noncontrolling Interests": NaN,
        "Net Income Continuous Operations": NaN,
        "Earnings From Equity Interest Net Of Tax": NaN,
        "Tax Provision": NaN,
        "Pretax Income": NaN,
        "Other Income Expense": NaN,
        "Other Non Operating Income Expenses": NaN,
        "Special Income Charges": NaN,
        "Gain On Sale Of Ppe": NaN,
        "Other Special Charges": NaN,
        "Write Off": NaN,
        "Impairment Of Capital Assets": 0.0,
        "Restructuring And Mergern Acquisition": NaN,
        "Gain On Sale Of Security": -6000.0,
        "Net Non Operating Interest Income Expense": NaN,
        "Interest Expense Non Operating": NaN,
        "Operating Income": NaN,
        "Operating Expense": NaN,
        "Depreciation Amortization Depletion Income Statement": NaN,
        "Depreciation And Amortization In Income Statement": NaN,
        "Selling General And Administration": NaN,
        "Gross Profit": NaN,
        "Cost Of Revenue": NaN,
        "Total Revenue": NaN,
        "Operating Revenue": NaN
    },
    "2022-06-30": {
        "Tax Effect Of Unusual Items": 74902.614728,
        "Tax Rate For Calcs": 0.01214,
        "Normalized EBITDA": 39095000.0,
        "Total Unusual Items": 6170000.0,
        "Total Unusual Items Excluding Goodwill": 6170000.0,
        "Net Income From Continuing Operation Net Minority Interest": 12503000.0,
        "Reconciled Depreciation": 29779000.0,
        "Reconciled Cost Of Revenue": 270988000.0,
        "EBITDA": 45265000.0,
        "EBIT": 15486000.0,
        "Net Interest Income": -494000.0,
        "Interest Expense": 494000.0,
        "Normalized Income": 6407902.614728,
        "Net Income From Continuing And Discontinued Operation": 12503000.0,
        "Total Expenses": 327462000.0,
        "Total Operating Income As Reported": 8279000.0,
        "Diluted Average Shares": 95355889.0,
        "Basic Average Shares": 93833504.0,
        "Diluted EPS": 0.13,
        "Basic EPS": 0.13,
        "Diluted NI Availto Com Stockholders": 12503000.0,
        "Average Dilution Earnings": 30000.0,
        "Net Income Common Stockholders": 12503000.0,
        "Net Income": 12503000.0,
        "Minority Interests": -2078000.0,
        "Net Income Including Noncontrolling Interests": 14581000.0,
        "Net Income Continuous Operations": 14581000.0,
        "Earnings From Equity Interest Net Of Tax": -229000.0,
        "Tax Provision": 182000.0,
        "Pretax Income": 14992000.0,
        "Other Income Expense": 7045000.0,
        "Other Non Operating Income Expenses": 875000.0,
        "Special Income Charges": 6176000.0,
        "Gain On Sale Of Ppe": 731000.0,
        "Other Special Charges": 162000.0,
        "Write Off": NaN,
        "Impairment Of Capital Assets": NaN,
        "Restructuring And Mergern Acquisition": -5607000.0,
        "Gain On Sale Of Security": -6000.0,
        "Net Non Operating Interest Income Expense": -494000.0,
        "Interest Expense Non Operating": 494000.0,
        "Operating Income": 8441000.0,
        "Operating Expense": 27221000.0,
        "Depreciation Amortization Depletion Income Statement": 526000.0,
        "Depreciation And Amortization In Income Statement": 526000.0,
        "Selling General And Administration": 26695000.0,
        "Gross Profit": 35662000.0,
        "Cost Of Revenue": 300241000.0,
        "Total Revenue": 335903000.0,
        "Operating Revenue": 335903000.0
    },
    "2023-06-30": {
        "Tax Effect Of Unusual Items": -27387.0,
        "Tax Rate For Calcs": 0.017,
        "Normalized EBITDA": 62641000.0,
        "Total Unusual Items": -1611000.0,
        "Total Unusual Items Excluding Goodwill": -1611000.0,
        "Net Income From Continuing Operation Net Minority Interest": 20115000.0,
        "Reconciled Depreciation": 35668000.0,
        "Reconciled Cost Of Revenue": 308525000.0,
        "EBITDA": 61030000.0,
        "EBIT": 25362000.0,
        "Net Interest Income": -2042000.0,
        "Interest Expense": 2042000.0,
        "Normalized Income": 21698613.0,
        "Net Income From Continuing And Discontinued Operation": 20115000.0,
        "Total Expenses": 378528000.0,
        "Total Operating Income As Reported": 25735000.0,
        "Diluted Average Shares": 102861321.0,
        "Basic Average Shares": 101106729.0,
        "Diluted EPS": 0.2,
        "Basic EPS": 0.2,
        "Diluted NI Availto Com Stockholders": 20164000.0,
        "Average Dilution Earnings": 49000.0,
        "Net Income Common Stockholders": 20115000.0,
        "Net Income": 20115000.0,
        "Minority Interests": -2446000.0,
        "Net Income Including Noncontrolling Interests": 22561000.0,
        "Net Income Continuous Operations": 22561000.0,
        "Earnings From Equity Interest Net Of Tax": -372000.0,
        "Tax Provision": 387000.0,
        "Pretax Income": 23320000.0,
        "Other Income Expense": -738000.0,
        "Other Non Operating Income Expenses": 873000.0,
        "Special Income Charges": -1611000.0,
        "Gain On Sale Of Ppe": -1246000.0,
        "Other Special Charges": 9000.0,
        "Write Off": NaN,
        "Impairment Of Capital Assets": 356000.0,
        "Restructuring And Mergern Acquisition": 0.0,
        "Gain On Sale Of Security": 1000.0,
        "Net Non Operating Interest Income Expense": -2042000.0,
        "Interest Expense Non Operating": 2042000.0,
        "Operating Income": 26100000.0,
        "Operating Expense": 35074000.0,
        "Depreciation Amortization Depletion Income Statement": 739000.0,
        "Depreciation And Amortization In Income Statement": 739000.0,
        "Selling General And Administration": 34335000.0,
        "Gross Profit": 61174000.0,
        "Cost Of Revenue": 343454000.0,
        "Total Revenue": 404628000.0,
        "Operating Revenue": 404628000.0
    },
    "2022-03-31": {
        "Diluted EPS": 0.06,
        "Total Revenue": 295,
        "Gross Profit": 25,
        "Operating Income": -4,
        "EBIT": 23,
        "Net Income": 7
    },
    "2021-12-31": {
        "Diluted EPS": 0.16,
        "Total Revenue": 255,
        "Gross Profit": 18,
        "Operating Income": -8,
        "EBIT": 17,
        "Net Income": 9
    },
    "2021-09-30": {
        "Diluted EPS": -0.11,
        "Total Revenue": 205,
        "Gross Profit": 9,
        "Operating Income": -14,
        "EBIT": 10,
        "Net Income": -12
    },
    "2021-06-30": {
        "Diluted EPS": -0.19,
        "Total Revenue": 161,
        "Gross Profit": -2,
        "Operating Income": -18,
        "EBIT": 3,
        "Net Income": -17
    },
    "2021-03-31": {
        "Diluted EPS": -0.27,
        "Total Revenue": 144,
        "Gross Profit": -4,
        "Operating Income": -25,
        "EBIT": -3,
        "Net Income": -23
    },
    "2020-12-31": {
        "Diluted EPS": -0.14,
        "Total Revenue": 133,
        "Gross Profit": -4,
        "Operating Income": -22,
        "EBIT": -274,
        "Net Income": -18
    },
    "2020-09-30": {
        "Diluted EPS": -0.36,
        "Total Revenue": 101,
        "Gross Profit": -17,
        "Operating Income": -34,
        "EBIT": -9,
        "Net Income": -31
    },
    "2020-06-30": {
        "Diluted EPS": -0.44,
        "Total Revenue": 92,
        "Gross Profit": -24,
        "Operating Income": -48,
        "EBIT": -21,
        "Net Income": -44
    },
    "2020-03-31": {
        "Diluted EPS": -2.4,
        "Total Revenue": 278,
        "Gross Profit": 15,
        "Operating Income": -291,
        "EBIT": 12,
        "Net Income": -246
    },
    "2019-12-31": {
        "Diluted EPS": -0.13,
        "Total Revenue": 276,
        "Gross Profit": 22,
        "Operating Income": -7,
        "EBIT": 18,
        "Net Income": -10
    },
    "2019-09-30": {
        "Diluted EPS": 0.07,
        "Total Revenue": 329,
        "Gross Profit": 41,
        "Operating Income": 12,
        "EBIT": 42,
        "Net Income": 5
    },
    "2019-06-30": {
        "Diluted EPS": 0.08,
        "Total Revenue": 324,
        "Gross Profit": 40,
        "Operating Income": 11,
        "EBIT": 41,
        "Net Income": 6
    },
    "2019-03-31": {
        "Diluted EPS": 0.01,
        "Total Revenue": 363,
        "Gross Profit": 46,
        "Operating Income": 7,
        "EBIT": 44,
        "Net Income": 1
    },
    "2018-12-31": {
        "Diluted EPS": -0.21,
        "Total Revenue": 362,
        "Gross Profit": 34,
        "Operating Income": -14,
        "EBIT": 42,
        "Net Income": -14
    },
    "2018-09-30": {
        "Diluted EPS": 0.22,
        "Total Revenue": 397,
        "Gross Profit": 59,
        "Operating Income": 32,
        "EBIT": 65,
        "Net Income": 23
    },
    "2018-06-30": {
        "Diluted EPS": 0.24,
        "Total Revenue": 393,
        "Gross Profit": 57,
        "Operating Income": 25,
        "EBIT": 56,
        "Net Income": 17
    },
    "2018-03-31": {
        "Diluted EPS": 0.09,
        "Total Revenue": 376,
        "Gross Profit": 48,
        "Operating Income": 19,
        "EBIT": 50,
        "Net Income": 10
    },
    "2017-12-31": {
        "Diluted EPS": -0.14,
        "Total Revenue": 304,
        "Gross Profit": 26,
        "Operating Income": -8,
        "EBIT": 30,
        "Net Income": -10
    },
    "2017-09-30": {
        "Diluted EPS": 0.04,
        "Total Revenue": 154,
        "Gross Profit": 20,
        "Operating Income": 2,
        "EBIT": 27,
        "Net Income": 1
    },
    "2017-06-30": {
        "Diluted EPS": -0.06,
        "Total Revenue": 134,
        "Gross Profit": 12,
        "Operating Income": -12,
        "EBIT": 11,
        "Net Income": -4
    },
    "2017-03-31": {
        "Diluted EPS": -0.07,
        "Total Revenue": 100,
        "Gross Profit": 0,
        "Operating Income": -13,
        "EBIT": 9,
        "Net Income": -4
    },
    "2016-12-31": {
        "Diluted EPS": 0.0,
        "Total Revenue": 87,
        "Gross Profit": -6,
        "Operating Income": -21,
        "EBIT": 1,
        "Net Income": -22
    },
    "2016-09-30": {
        "Diluted EPS": 0.0,
        "Total Revenue": 74,
        "Gross Profit": -9,
        "Operating Income": -31,
        "EBIT": 130,
        "Net Income": NaN
    },
    "2016-06-30": {
        "Diluted EPS": 0.0,
        "Total Revenue": 63,
        "Gross Profit": -17,
        "Operating Income": -225,
        "EBIT": -197,
        "Net Income": NaN
    },
    "2016-03-31": {
        "Diluted EPS": 0.0,
        "Total Revenue": 79,
        "Gross Profit": -12,
        "Operating Income": -22,
        "EBIT": 6,
        "Net Income": NaN
    },
    "2015-12-31": {
        "Diluted EPS": 0.0,
        "Total Revenue": NaN,
        "Gross Profit": NaN,
        "Operating Income": NaN,
        "EBIT": NaN,
        "Net Income": NaN
    },
    "2023-09-30": {
        "Tax Effect Of Unusual Items": 58.0,
        "Tax Rate For Calcs": 0.029,
        "Normalized EBITDA": 52446000.0,
        "Total Unusual Items": 2000.0,
        "Total Unusual Items Excluding Goodwill": 2000.0,
        "Net Income From Continuing Operation Net Minority Interest": 14346000.0,
        "Reconciled Depreciation": 34908000.0,
        "Reconciled Cost Of Revenue": 298612000.0,
        "EBITDA": 52448000.0,
        "EBIT": 17540000.0,
        "Net Interest Income": -765000.0,
        "Interest Expense": 765000.0,
        "Normalized Income": 14344058.0,
        "Net Income From Continuing And Discontinued Operation": 14346000.0,
        "Total Expenses": 372503000.0,
        "Total Operating Income As Reported": 16750000.0,
        "Diluted Average Shares": 102253938.0,
        "Basic Average Shares": 99777776.0,
        "Diluted EPS": 0.14,
        "Basic EPS": 0.14,
        "Diluted NI Availto Com Stockholders": 14396000.0,
        "Average Dilution Earnings": 50000.0,
        "Net Income Common Stockholders": 14346000.0,
        "Net Income": 14346000.0,
        "Minority Interests": -968000.0,
        "Net Income Including Noncontrolling Interests": 15314000.0,
        "Net Income Continuous Operations": 15314000.0,
        "Earnings From Equity Interest Net Of Tax": -978000.0,
        "Tax Provision": 483000.0,
        "Pretax Income": 16775000.0,
        "Other Income Expense": 770000.0,
        "Other Non Operating Income Expenses": 768000.0,
        "Special Income Charges": 3000.0,
        "Gain On Sale Of Ppe": 23000.0,
        "Other Special Charges": -12000.0,
        "Write Off": NaN,
        "Impairment Of Capital Assets": 32000.0,
        "Restructuring And Mergern Acquisition": 0.0,
        "Gain On Sale Of Security": -1000.0,
        "Net Non Operating Interest Income Expense": -765000.0,
        "Interest Expense Non Operating": 765000.0,
        "Operating Income": 16770000.0,
        "Operating Expense": 39495000.0,
        "Depreciation Amortization Depletion Income Statement": 512000.0,
        "Depreciation And Amortization In Income Statement": 512000.0,
        "Selling General And Administration": 38983000.0,
        "Gross Profit": 56265000.0,
        "Cost Of Revenue": 333008000.0,
        "Total Revenue": 389273000.0,
        "Operating Revenue": 389273000.0
    },
    "2023-12-31": {
        "Tax Effect Of Unusual Items": -8631630.0,
        "Tax Rate For Calcs": 0.21,
        "Normalized EBITDA": 43884000.0,
        "Total Unusual Items": -41103000.0,
        "Total Unusual Items Excluding Goodwill": -41103000.0,
        "Net Income From Continuing Operation Net Minority Interest": 27595000.0,
        "Reconciled Depreciation": 36219000.0,
        "Reconciled Cost Of Revenue": 284513000.0,
        "EBITDA": 2781000.0,
        "EBIT": -33438000.0,
        "Net Interest Income": -103000.0,
        "Interest Expense": 103000.0,
        "Normalized Income": 60066370.0,
        "Net Income From Continuing And Discontinued Operation": 27595000.0,
        "Total Expenses": 367133000.0,
        "Total Operating Income As Reported": 6705000.0,
        "Diluted Average Shares": 115590120.0,
        "Basic Average Shares": 115590120.0,
        "Diluted EPS": 0.27,
        "Basic EPS": 0.28,
        "Diluted NI Availto Com Stockholders": 27479000.0,
        "Average Dilution Earnings": NaN,
        "Net Income Common Stockholders": 27595000.0,
        "Net Income": 27595000.0,
        "Minority Interests": -44000.0,
        "Net Income Including Noncontrolling Interests": 27639000.0,
        "Net Income Continuous Operations": 27639000.0,
        "Earnings From Equity Interest Net Of Tax": -84000.0,
        "Tax Provision": -61264000.0,
        "Pretax Income": -33541000.0,
        "Other Income Expense": -41165000.0,
        "Other Non Operating Income Expenses": -62000.0,
        "Special Income Charges": -41107000.0,
        "Gain On Sale Of Ppe": -1898000.0,
        "Other Special Charges": -31000.0,
        "Write Off": NaN,
        "Impairment Of Capital Assets": NaN,
        "Restructuring And Mergern Acquisition": 38187000.0,
        "Gain On Sale Of Security": NaN,
        "Net Non Operating Interest Income Expense": -103000.0,
        "Interest Expense Non Operating": 103000.0,
        "Operating Income": 7727000.0,
        "Operating Expense": 46831000.0,
        "Depreciation Amortization Depletion Income Statement": 430000.0,
        "Depreciation And Amortization In Income Statement": 430000.0,
        "Selling General And Administration": 46401000.0,
        "Gross Profit": 54558000.0,
        "Cost Of Revenue": 320302000.0,
        "Total Revenue": 374860000.0,
        "Operating Revenue": 374860000.0
    },
    "2024-03-31": {
        "Tax Effect Of Unusual Items": -27359.0,
        "Tax Rate For Calcs": 0.251,
        "Normalized EBITDA": 45053000.0,
        "Total Unusual Items": -109000.0,
        "Total Unusual Items Excluding Goodwill": -109000.0,
        "Net Income From Continuing Operation Net Minority Interest": 3625000.0,
        "Reconciled Depreciation": 37896000.0,
        "Reconciled Cost Of Revenue": 277233000.0,
        "EBITDA": 44944000.0,
        "EBIT": 7048000.0,
        "Net Interest Income": -1272000.0,
        "Interest Expense": 1272000.0,
        "Normalized Income": 3706641.0,
        "Net Income From Continuing And Discontinued Operation": 3625000.0,
        "Total Expenses": 359109000.0,
        "Total Operating Income As Reported": 7005000.0,
        "Diluted Average Shares": 117594164.0,
        "Basic Average Shares": 115445705.0,
        "Diluted EPS": 0.04,
        "Basic EPS": 0.04,
        "Diluted NI Availto Com Stockholders": 3640000.0,
        "Average Dilution Earnings": 15000.0,
        "Net Income Common Stockholders": 3625000.0,
        "Net Income": 3625000.0,
        "Minority Interests": -250000.0,
        "Net Income Including Noncontrolling Interests": 3875000.0,
        "Net Income Continuous Operations": 3875000.0,
        "Earnings From Equity Interest Net Of Tax": -449000.0,
        "Tax Provision": 1452000.0,
        "Pretax Income": 5776000.0,
        "Other Income Expense": -391000.0,
        "Other Non Operating Income Expenses": -282000.0,
        "Special Income Charges": -109000.0,
        "Gain On Sale Of Ppe": 325000.0,
        "Other Special Charges": 389000.0,
        "Write Off": 45000.0,
        "Impairment Of Capital Assets": NaN,
        "Restructuring And Mergern Acquisition": NaN,
        "Gain On Sale Of Security": NaN,
        "Net Non Operating Interest Income Expense": -1272000.0,
        "Interest Expense Non Operating": 1272000.0,
        "Operating Income": 7439000.0,
        "Operating Expense": 45238000.0,
        "Depreciation Amortization Depletion Income Statement": 1258000.0,
        "Depreciation And Amortization In Income Statement": 1258000.0,
        "Selling General And Administration": 43980000.0,
        "Gross Profit": 52677000.0,
        "Cost Of Revenue": 313871000.0,
        "Total Revenue": 366548000.0,
        "Operating Revenue": 366548000.0
    },
    "2024-06-30": {
        "Tax Effect Of Unusual Items": 67309.0,
        "Tax Rate For Calcs": 0.211,
        "Normalized EBITDA": 58409000.0,
        "Total Unusual Items": 319000.0,
        "Total Unusual Items Excluding Goodwill": 319000.0,
        "Net Income From Continuing Operation Net Minority Interest": 12868000.0,
        "Reconciled Depreciation": 37940000.0,
        "Reconciled Cost Of Revenue": 267783000.0,
        "EBITDA": 58728000.0,
        "EBIT": 20788000.0,
        "Net Interest Income": -2026000.0,
        "Interest Expense": 2026000.0,
        "Normalized Income": 12616309.0,
        "Net Income From Continuing And Discontinued Operation": 12868000.0,
        "Total Expenses": 344704000.0,
        "Total Operating Income As Reported": 20364000.0,
        "Diluted Average Shares": 101904885.0,
        "Basic Average Shares": 100128034.0,
        "Diluted EPS": 0.13,
        "Basic EPS": 0.13,
        "Diluted NI Availto Com Stockholders": 12910000.0,
        "Average Dilution Earnings": 42000.0,
        "Net Income Common Stockholders": 12868000.0,
        "Net Income": 12868000.0,
        "Minority Interests": -2031000.0,
        "Net Income Including Noncontrolling Interests": 14899000.0,
        "Net Income Continuous Operations": 14899000.0,
        "Earnings From Equity Interest Net Of Tax": 96000.0,
        "Tax Provision": 3959000.0,
        "Pretax Income": 18762000.0,
        "Other Income Expense": 361000.0,
        "Other Non Operating Income Expenses": 42000.0,
        "Special Income Charges": 319000.0,
        "Gain On Sale Of Ppe": 382000.0,
        "Other Special Charges": 17000.0,
        "Write Off": NaN,
        "Impairment Of Capital Assets": 46000.0,
        "Restructuring And Mergern Acquisition": NaN,
        "Gain On Sale Of Security": NaN,
        "Net Non Operating Interest Income Expense": -2026000.0,
        "Interest Expense Non Operating": 2026000.0,
        "Operating Income": 20427000.0,
        "Operating Expense": 39729000.0,
        "Depreciation Amortization Depletion Income Statement": 748000.0,
        "Depreciation And Amortization In Income Statement": 748000.0,
        "Selling General And Administration": 38981000.0,
        "Gross Profit": 60156000.0,
        "Cost Of Revenue": 304975000.0,
        "Total Revenue": 365131000.0,
        "Operating Revenue": 365131000.0
    }
}