{
    "2023-06-30": {
        "Tax Effect Of Unusual Items": NaN,
        "Tax Rate For Calcs": NaN,
        "Normalized EBITDA": NaN,
        "Total Unusual Items": NaN,
        "Total Unusual Items Excluding Goodwill": NaN,
        "Net Income From Continuing Operation Net Minority Interest": NaN,
        "Reconciled Depreciation": NaN,
        "Reconciled Cost Of Revenue": NaN,
        "EBITDA": NaN,
        "EBIT": NaN,
        "Net Interest Income": NaN,
        "Interest Expense": NaN,
        "Normalized Income": NaN,
        "Net Income From Continuing And Discontinued Operation": NaN,
        "Total Expenses": NaN,
        "Total Operating Income As Reported": NaN,
        "Diluted Average Shares": NaN,
        "Basic Average Shares": NaN,
        "Diluted EPS": NaN,
        "Basic EPS": NaN,
        "Diluted NI Availto Com Stockholders": NaN,
        "Net Income Common Stockholders": NaN,
        "Net Income": NaN,
        "Minority Interests": NaN,
        "Net Income Including Noncontrolling Interests": NaN,
        "Net Income Discontinuous Operations": 0.0,
        "Net Income Continuous Operations": NaN,
        "Tax Provision": NaN,
        "Pretax Income": NaN,
        "Other Income Expense": NaN,
        "Other Non Operating Income Expenses": NaN,
        "Special Income Charges": NaN,
        "Gain On Sale Of Business": 3000000.0,
        "Write Off": NaN,
        "Restructuring And Mergern Acquisition": NaN,
        "Earnings From Equity Interest": NaN,
        "Gain On Sale Of Security": NaN,
        "Net Non Operating Interest Income Expense": NaN,
        "Interest Expense Non Operating": NaN,
        "Operating Income": NaN,
        "Operating Expense": NaN,
        "Other Operating Expenses": NaN,
        "Depreciation Amortization Depletion Income Statement": NaN,
        "Depreciation And Amortization In Income Statement": NaN,
        "Amortization": NaN,
        "Amortization Of Intangibles Income Statement": NaN,
        "Depreciation Income Statement": NaN,
        "Selling General And Administration": -25000000.0,
        "General And Administrative Expense": -25000000.0,
        "Salaries And Wages": -25000000.0,
        "Gross Profit": NaN,
        "Cost Of Revenue": NaN,
        "Total Revenue": NaN,
        "Operating Revenue": NaN
    },
    "2023-03-31": {
        "Tax Effect Of Unusual Items": NaN,
        "Tax Rate For Calcs": NaN,
        "Normalized EBITDA": NaN,
        "Total Unusual Items": NaN,
        "Total Unusual Items Excluding Goodwill": NaN,
        "Net Income From Continuing Operation Net Minority Interest": NaN,
        "Reconciled Depreciation": NaN,
        "Reconciled Cost Of Revenue": NaN,
        "EBITDA": NaN,
        "EBIT": NaN,
        "Net Interest Income": NaN,
        "Interest Expense": NaN,
        "Normalized Income": NaN,
        "Net Income From Continuing And Discontinued Operation": NaN,
        "Total Expenses": NaN,
        "Total Operating Income As Reported": NaN,
        "Diluted Average Shares": NaN,
        "Basic Average Shares": NaN,
        "Diluted EPS": NaN,
        "Basic EPS": NaN,
        "Diluted NI Availto Com Stockholders": NaN,
        "Net Income Common Stockholders": NaN,
        "Net Income": NaN,
        "Minority Interests": NaN,
        "Net Income Including Noncontrolling Interests": NaN,
        "Net Income Discontinuous Operations": 0.0,
        "Net Income Continuous Operations": NaN,
        "Tax Provision": NaN,
        "Pretax Income": NaN,
        "Other Income Expense": NaN,
        "Other Non Operating Income Expenses": NaN,
        "Special Income Charges": NaN,
        "Gain On Sale Of Business": NaN,
        "Write Off": NaN,
        "Restructuring And Mergern Acquisition": NaN,
        "Earnings From Equity Interest": NaN,
        "Gain On Sale Of Security": NaN,
        "Net Non Operating Interest Income Expense": NaN,
        "Interest Expense Non Operating": NaN,
        "Operating Income": NaN,
        "Operating Expense": NaN,
        "Other Operating Expenses": NaN,
        "Depreciation Amortization Depletion Income Statement": NaN,
        "Depreciation And Amortization In Income Statement": NaN,
        "Amortization": NaN,
        "Amortization Of Intangibles Income Statement": NaN,
        "Depreciation Income Statement": NaN,
        "Selling General And Administration": NaN,
        "General And Administrative Expense": NaN,
        "Salaries And Wages": NaN,
        "Gross Profit": NaN,
        "Cost Of Revenue": NaN,
        "Total Revenue": NaN,
        "Operating Revenue": NaN
    },
    "2022-12-31": {
        "Tax Effect Of Unusual Items": NaN,
        "Tax Rate For Calcs": NaN,
        "Normalized EBITDA": NaN,
        "Total Unusual Items": NaN,
        "Total Unusual Items Excluding Goodwill": NaN,
        "Net Income From Continuing Operation Net Minority Interest": NaN,
        "Reconciled Depreciation": NaN,
        "Reconciled Cost Of Revenue": NaN,
        "EBITDA": NaN,
        "EBIT": NaN,
        "Net Interest Income": NaN,
        "Interest Expense": NaN,
        "Normalized Income": NaN,
        "Net Income From Continuing And Discontinued Operation": NaN,
        "Total Expenses": NaN,
        "Total Operating Income As Reported": NaN,
        "Diluted Average Shares": NaN,
        "Basic Average Shares": NaN,
        "Diluted EPS": NaN,
        "Basic EPS": NaN,
        "Diluted NI Availto Com Stockholders": NaN,
        "Net Income Common Stockholders": NaN,
        "Net Income": NaN,
        "Minority Interests": NaN,
        "Net Income Including Noncontrolling Interests": NaN,
        "Net Income Discontinuous Operations": -13000000.0,
        "Net Income Continuous Operations": NaN,
        "Tax Provision": NaN,
        "Pretax Income": NaN,
        "Other Income Expense": NaN,
        "Other Non Operating Income Expenses": NaN,
        "Special Income Charges": NaN,
        "Gain On Sale Of Business": NaN,
        "Restructuring And Mergern Acquisition": NaN,
        "Earnings From Equity Interest": NaN,
        "Gain On Sale Of Security": NaN,
        "Net Non Operating Interest Income Expense": NaN,
        "Interest Expense Non Operating": NaN,
        "Operating Income": NaN,
        "Operating Expense": NaN,
        "Other Operating Expenses": NaN,
        "Depreciation Amortization Depletion Income Statement": NaN,
        "Depreciation And Amortization In Income Statement": NaN,
        "Amortization": NaN,
        "Amortization Of Intangibles Income Statement": NaN,
        "Depreciation Income Statement": NaN,
        "Selling General And Administration": NaN,
        "General And Administrative Expense": NaN,
        "Salaries And Wages": NaN,
        "Gross Profit": NaN,
        "Cost Of Revenue": NaN,
        "Total Revenue": NaN,
        "Operating Revenue": NaN
    },
    "2022-09-30": {
        "Tax Effect Of Unusual Items": NaN,
        "Tax Rate For Calcs": NaN,
        "Normalized EBITDA": NaN,
        "Total Unusual Items": NaN,
        "Total Unusual Items Excluding Goodwill": NaN,
        "Net Income From Continuing Operation Net Minority Interest": NaN,
        "Reconciled Depreciation": NaN,
        "Reconciled Cost Of Revenue": NaN,
        "EBITDA": NaN,
        "EBIT": NaN,
        "Net Interest Income": NaN,
        "Interest Expense": NaN,
        "Normalized Income": NaN,
        "Net Income From Continuing And Discontinued Operation": NaN,
        "Total Expenses": NaN,
        "Total Operating Income As Reported": NaN,
        "Diluted Average Shares": NaN,
        "Basic Average Shares": NaN,
        "Diluted EPS": NaN,
        "Basic EPS": NaN,
        "Diluted NI Availto Com Stockholders": NaN,
        "Net Income Common Stockholders": NaN,
        "Net Income": NaN,
        "Minority Interests": NaN,
        "Net Income Including Noncontrolling Interests": NaN,
        "Net Income Discontinuous Operations": NaN,
        "Net Income Continuous Operations": NaN,
        "Tax Provision": NaN,
        "Pretax Income": NaN,
        "Other Income Expense": NaN,
        "Other Non Operating Income Expenses": NaN,
        "Special Income Charges": NaN,
        "Gain On Sale Of Business": NaN,
        "Restructuring And Mergern Acquisition": NaN,
        "Earnings From Equity Interest": NaN,
        "Gain On Sale Of Security": NaN,
        "Net Non Operating Interest Income Expense": NaN,
        "Interest Expense Non Operating": NaN,
        "Operating Income": NaN,
        "Operating Expense": NaN,
        "Other Operating Expenses": NaN,
        "Depreciation Amortization Depletion Income Statement": NaN,
        "Depreciation And Amortization In Income Statement": NaN,
        "Amortization": NaN,
        "Amortization Of Intangibles Income Statement": NaN,
        "Depreciation Income Statement": NaN,
        "Selling General And Administration": -64000000.0,
        "General And Administrative Expense": -64000000.0,
        "Salaries And Wages": -64000000.0,
        "Gross Profit": NaN,
        "Cost Of Revenue": NaN,
        "Total Revenue": NaN,
        "Operating Revenue": NaN
    },
    "2022-06-30": {
        "Tax Effect Of Unusual Items": 2205000.0,
        "Tax Rate For Calcs": 0.105,
        "Normalized EBITDA": 357000000.0,
        "Total Unusual Items": 21000000.0,
        "Total Unusual Items Excluding Goodwill": 21000000.0,
        "Net Income From Continuing Operation Net Minority Interest": 155000000.0,
        "Reconciled Depreciation": 148000000.0,
        "Reconciled Cost Of Revenue": 1894000000.0,
        "EBITDA": 378000000.0,
        "EBIT": 230000000.0,
        "Net Interest Income": -51000000.0,
        "Interest Expense": 51000000.0,
        "Normalized Income": 136205000.0,
        "Net Income From Continuing And Discontinued Operation": 109000000.0,
        "Total Expenses": 1894000000.0,
        "Total Operating Income As Reported": 137000000.0,
        "Diluted Average Shares": 112000000.0,
        "Basic Average Shares": 112000000.0,
        "Diluted EPS": 0.97,
        "Basic EPS": 0.97,
        "Diluted NI Availto Com Stockholders": 109000000.0,
        "Net Income Common Stockholders": 109000000.0,
        "Net Income": 109000000.0,
        "Minority Interests": -5000000.0,
        "Net Income Including Noncontrolling Interests": 114000000.0,
        "Net Income Discontinuous Operations": -46000000.0,
        "Net Income Continuous Operations": 160000000.0,
        "Tax Provision": 19000000.0,
        "Pretax Income": 179000000.0,
        "Other Income Expense": 93000000.0,
        "Other Non Operating Income Expenses": 70000000.0,
        "Special Income Charges": 22000000.0,
        "Gain On Sale Of Business": 22000000.0,
        "Restructuring And Mergern Acquisition": 56000000.0,
        "Earnings From Equity Interest": 2000000.0,
        "Gain On Sale Of Security": -1000000.0,
        "Net Non Operating Interest Income Expense": -51000000.0,
        "Interest Expense Non Operating": 51000000.0,
        "Operating Income": 137000000.0,
        "Operating Expense": 541000000.0,
        "Other Operating Expenses": 393000000.0,
        "Depreciation Amortization Depletion Income Statement": 148000000.0,
        "Depreciation And Amortization In Income Statement": 148000000.0,
        "Amortization": 83000000.0,
        "Amortization Of Intangibles Income Statement": 83000000.0,
        "Depreciation Income Statement": 65000000.0,
        "Selling General And Administration": NaN,
        "General And Administrative Expense": NaN,
        "Salaries And Wages": NaN,
        "Gross Profit": 137000000.0,
        "Cost Of Revenue": 1894000000.0,
        "Total Revenue": 2031000000.0,
        "Operating Revenue": 2031000000.0
    },
    "2022-03-31": {
        "Diluted EPS": 1.03,
        "Total Revenue": NaN,
        "Gross Profit": NaN,
        "Operating Income": 179,
        "EBIT": 330,
        "Net Income": 122
    },
    "2021-12-31": {
        "Diluted EPS": 18.75,
        "Total Revenue": NaN,
        "Gross Profit": NaN,
        "Operating Income": 690,
        "EBIT": 842,
        "Net Income": NaN
    },
    "2021-09-30": {
        "Diluted EPS": 6.99,
        "Total Revenue": NaN,
        "Gross Profit": NaN,
        "Operating Income": NaN,
        "EBIT": NaN,
        "Net Income": 903
    },
    "2021-06-30": {
        "Diluted EPS": 1.41,
        "Total Revenue": NaN,
        "Gross Profit": NaN,
        "Operating Income": 170,
        "EBIT": 340,
        "Net Income": 184
    },
    "2021-03-31": {
        "Diluted EPS": 5.63,
        "Total Revenue": NaN,
        "Gross Profit": NaN,
        "Operating Income": 211,
        "EBIT": 385,
        "Net Income": 733
    },
    "2020-12-31": {
        "Diluted EPS": 3.66,
        "Total Revenue": NaN,
        "Gross Profit": NaN,
        "Operating Income": 270,
        "EBIT": 454,
        "Net Income": 476
    },
    "2020-09-30": {
        "Diluted EPS": 0.93,
        "Total Revenue": NaN,
        "Gross Profit": NaN,
        "Operating Income": 66,
        "EBIT": 247,
        "Net Income": 121
    },
    "2020-06-30": {
        "Diluted EPS": 0.72,
        "Total Revenue": NaN,
        "Gross Profit": NaN,
        "Operating Income": 163,
        "EBIT": 349,
        "Net Income": 94
    },
    "2020-03-31": {
        "Diluted EPS": 2.34,
        "Total Revenue": NaN,
        "Gross Profit": NaN,
        "Operating Income": 360,
        "EBIT": 579,
        "Net Income": 305
    },
    "2019-12-31": {
        "Diluted EPS": 4.18,
        "Total Revenue": NaN,
        "Gross Profit": NaN,
        "Operating Income": 412,
        "EBIT": 602,
        "Net Income": 544
    },
    "2019-09-30": {
        "Diluted EPS": 0.58,
        "Total Revenue": NaN,
        "Gross Profit": NaN,
        "Operating Income": 107,
        "EBIT": 283,
        "Net Income": 75
    },
    "2019-06-30": {
        "Diluted EPS": 1.06,
        "Total Revenue": NaN,
        "Gross Profit": NaN,
        "Operating Income": 176,
        "EBIT": 358,
        "Net Income": 138
    },
    "2019-03-31": {
        "Diluted EPS": 2.2,
        "Total Revenue": NaN,
        "Gross Profit": NaN,
        "Operating Income": 359,
        "EBIT": 540,
        "Net Income": 287
    },
    "2018-12-31": {
        "Diluted EPS": 2.89,
        "Total Revenue": NaN,
        "Gross Profit": NaN,
        "Operating Income": 470,
        "EBIT": 651,
        "Net Income": 378
    },
    "2018-09-30": {
        "Diluted EPS": 0.33,
        "Total Revenue": NaN,
        "Gross Profit": NaN,
        "Operating Income": 17,
        "EBIT": 198,
        "Net Income": 44
    },
    "2018-06-30": {
        "Diluted EPS": 0.44,
        "Total Revenue": NaN,
        "Gross Profit": NaN,
        "Operating Income": 63,
        "EBIT": 256,
        "Net Income": 58
    },
    "2018-03-31": {
        "Diluted EPS": 1.61,
        "Total Revenue": NaN,
        "Gross Profit": NaN,
        "Operating Income": 259,
        "EBIT": 451,
        "Net Income": 215
    },
    "2017-12-31": {
        "Diluted EPS": 1.84,
        "Total Revenue": NaN,
        "Gross Profit": NaN,
        "Operating Income": 80,
        "EBIT": 303,
        "Net Income": 245
    },
    "2017-09-30": {
        "Diluted EPS": -0.4,
        "Total Revenue": NaN,
        "Gross Profit": NaN,
        "Operating Income": -26,
        "EBIT": 172,
        "Net Income": -54
    },
    "2017-06-30": {
        "Diluted EPS": 0.24,
        "Total Revenue": NaN,
        "Gross Profit": NaN,
        "Operating Income": 61,
        "EBIT": 270,
        "Net Income": 33
    },
    "2017-03-31": {
        "Diluted EPS": 2.5,
        "Total Revenue": NaN,
        "Gross Profit": NaN,
        "Operating Income": 401,
        "EBIT": 604,
        "Net Income": 344
    },
    "2016-12-31": {
        "Diluted EPS": 1.01,
        "Total Revenue": NaN,
        "Gross Profit": NaN,
        "Operating Income": -115,
        "EBIT": 79,
        "Net Income": 142
    },
    "2016-09-30": {
        "Diluted EPS": -0.23,
        "Total Revenue": NaN,
        "Gross Profit": NaN,
        "Operating Income": 1,
        "EBIT": 203,
        "Net Income": -32
    },
    "2016-06-30": {
        "Diluted EPS": 0.51,
        "Total Revenue": NaN,
        "Gross Profit": NaN,
        "Operating Income": 136,
        "EBIT": 305,
        "Net Income": 72
    },
    "2016-03-31": {
        "Diluted EPS": 1.75,
        "Total Revenue": NaN,
        "Gross Profit": NaN,
        "Operating Income": 326,
        "EBIT": 530,
        "Net Income": 238
    },
    "2015-12-31": {
        "Diluted EPS": -0.34,
        "Total Revenue": 974,
        "Gross Profit": 974,
        "Operating Income": 2,
        "EBIT": 50,
        "Net Income": -24
    },
    "2015-09-30": {
        "Diluted EPS": 1.7,
        "Total Revenue": 846,
        "Gross Profit": 846,
        "Operating Income": 27,
        "EBIT": 75,
        "Net Income": 117
    },
    "2015-06-30": {
        "Diluted EPS": 1.01,
        "Total Revenue": 922,
        "Gross Profit": 922,
        "Operating Income": 105,
        "EBIT": 144,
        "Net Income": 70
    },
    "2015-03-31": {
        "Diluted EPS": 3.04,
        "Total Revenue": NaN,
        "Gross Profit": NaN,
        "Operating Income": 293,
        "EBIT": 329,
        "Net Income": 210
    },
    "2014-12-31": {
        "Diluted EPS": 1.16,
        "Total Revenue": 958,
        "Gross Profit": 958,
        "Operating Income": 139,
        "EBIT": 169,
        "Net Income": 76
    },
    "2014-09-30": {
        "Diluted EPS": -0.11,
        "Total Revenue": 812,
        "Gross Profit": 812,
        "Operating Income": 34,
        "EBIT": 73,
        "Net Income": -7
    },
    "2014-06-30": {
        "Diluted EPS": 0.69,
        "Total Revenue": 935,
        "Gross Profit": 935,
        "Operating Income": 148,
        "EBIT": 187,
        "Net Income": 47
    },
    "2014-03-31": {
        "Diluted EPS": 3.58,
        "Total Revenue": NaN,
        "Gross Profit": NaN,
        "Operating Income": 326,
        "EBIT": 364,
        "Net Income": 246
    },
    "2013-12-31": {
        "Diluted EPS": 0.93,
        "Total Revenue": 919,
        "Gross Profit": 919,
        "Operating Income": 145,
        "EBIT": 185,
        "Net Income": 68
    },
    "2013-09-30": {
        "Diluted EPS": -0.4,
        "Total Revenue": 795,
        "Gross Profit": 795,
        "Operating Income": 70,
        "EBIT": 107,
        "Net Income": -27
    },
    "2013-06-30": {
        "Diluted EPS": 1.56,
        "Total Revenue": 890,
        "Gross Profit": 890,
        "Operating Income": 167,
        "EBIT": 203,
        "Net Income": 105
    },
    "2013-03-31": {
        "Diluted EPS": 3.29,
        "Total Revenue": NaN,
        "Gross Profit": NaN,
        "Operating Income": 281,
        "EBIT": 323,
        "Net Income": 219
    },
    "2012-12-31": {
        "Diluted EPS": -12.24,
        "Total Revenue": 871,
        "Gross Profit": 871,
        "Operating Income": -791,
        "EBIT": -505,
        "Net Income": -805
    },
    "2012-09-30": {
        "Diluted EPS": 0.4,
        "Total Revenue": 754,
        "Gross Profit": 754,
        "Operating Income": 70,
        "EBIT": 154,
        "Net Income": 26
    },
    "2012-06-30": {
        "Diluted EPS": 1.62,
        "Total Revenue": 842,
        "Gross Profit": 842,
        "Operating Income": 179,
        "EBIT": 267,
        "Net Income": 108
    },
    "2012-03-31": {
        "Diluted EPS": 3.39,
        "Total Revenue": NaN,
        "Gross Profit": NaN,
        "Operating Income": 317,
        "EBIT": 413,
        "Net Income": 225
    },
    "2011-12-31": {
        "Diluted EPS": 0.37,
        "Total Revenue": 819,
        "Gross Profit": 819,
        "Operating Income": 81,
        "EBIT": 164,
        "Net Income": 25
    },
    "2011-09-30": {
        "Diluted EPS": 0.9,
        "Total Revenue": 760,
        "Gross Profit": 760,
        "Operating Income": 90,
        "EBIT": 173,
        "Net Income": 60
    },
    "2011-06-30": {
        "Diluted EPS": 1.27,
        "Total Revenue": 861,
        "Gross Profit": 861,
        "Operating Income": 156,
        "EBIT": 236,
        "Net Income": 85
    },
    "2011-03-31": {
        "Diluted EPS": 0.53,
        "Total Revenue": NaN,
        "Gross Profit": NaN,
        "Operating Income": 239,
        "EBIT": 320,
        "Net Income": 34
    },
    "2010-12-31": {
        "Diluted EPS": 1.51,
        "Total Revenue": 828,
        "Gross Profit": 828,
        "Operating Income": 177,
        "EBIT": 332,
        "Net Income": 98
    },
    "2010-09-30": {
        "Diluted EPS": 0.98,
        "Total Revenue": 733,
        "Gross Profit": 733,
        "Operating Income": 106,
        "EBIT": 142,
        "Net Income": 64
    },
    "2010-06-30": {
        "Diluted EPS": 1.38,
        "Total Revenue": 799,
        "Gross Profit": 799,
        "Operating Income": 169,
        "EBIT": 206,
        "Net Income": 89
    },
    "2010-03-31": {
        "Diluted EPS": 3.18,
        "Total Revenue": 972,
        "Gross Profit": 972,
        "Operating Income": 301,
        "EBIT": 337,
        "Net Income": 204
    },
    "2009-12-31": {
        "Diluted EPS": 1.22,
        "Total Revenue": 814,
        "Gross Profit": 814,
        "Operating Income": 169,
        "EBIT": 214,
        "Net Income": 79
    },
    "2009-09-30": {
        "Diluted EPS": 1.22,
        "Total Revenue": 725,
        "Gross Profit": 725,
        "Operating Income": 82,
        "EBIT": 126,
        "Net Income": 79
    },
    "2009-06-30": {
        "Diluted EPS": 1.38,
        "Total Revenue": 784,
        "Gross Profit": 784,
        "Operating Income": 165,
        "EBIT": 202,
        "Net Income": 87
    },
    "2009-03-31": {
        "Diluted EPS": 3.05,
        "Total Revenue": 930,
        "Gross Profit": 930,
        "Operating Income": 274,
        "EBIT": 312,
        "Net Income": 193
    },
    "2023-09-30": {
        "Tax Effect Of Unusual Items": -14260000.0,
        "Tax Rate For Calcs": 0.155,
        "Normalized EBITDA": 439000000.0,
        "Total Unusual Items": -92000000.0,
        "Total Unusual Items Excluding Goodwill": -92000000.0,
        "Net Income From Continuing Operation Net Minority Interest": 136000000.0,
        "Reconciled Depreciation": 122000000.0,
        "Reconciled Cost Of Revenue": 1359000000.0,
        "EBITDA": 347000000.0,
        "EBIT": 225000000.0,
        "Net Interest Income": -61000000.0,
        "Interest Expense": 61000000.0,
        "Normalized Income": 213740000.0,
        "Net Income From Continuing And Discontinued Operation": 136000000.0,
        "Total Expenses": 1877000000.0,
        "Total Operating Income As Reported": 159000000.0,
        "Diluted Average Shares": 105000000.0,
        "Basic Average Shares": 105000000.0,
        "Diluted EPS": 1.29,
        "Basic EPS": 1.3,
        "Diluted NI Availto Com Stockholders": 136000000.0,
        "Net Income Common Stockholders": 136000000.0,
        "Net Income": 136000000.0,
        "Minority Interests": -3000000.0,
        "Net Income Including Noncontrolling Interests": 139000000.0,
        "Net Income Discontinuous Operations": 0.0,
        "Net Income Continuous Operations": 139000000.0,
        "Tax Provision": 25000000.0,
        "Pretax Income": 164000000.0,
        "Other Income Expense": -64000000.0,
        "Other Non Operating Income Expenses": 27000000.0,
        "Special Income Charges": -89000000.0,
        "Gain On Sale Of Business": 41000000.0,
        "Write Off": 0.0,
        "Restructuring And Mergern Acquisition": 130000000.0,
        "Earnings From Equity Interest": 1000000.0,
        "Gain On Sale Of Security": -3000000.0,
        "Net Non Operating Interest Income Expense": -61000000.0,
        "Interest Expense Non Operating": 61000000.0,
        "Operating Income": 289000000.0,
        "Operating Expense": 518000000.0,
        "Other Operating Expenses": 396000000.0,
        "Depreciation Amortization Depletion Income Statement": 122000000.0,
        "Depreciation And Amortization In Income Statement": 122000000.0,
        "Amortization": 62000000.0,
        "Amortization Of Intangibles Income Statement": 62000000.0,
        "Depreciation Income Statement": 60000000.0,
        "Selling General And Administration": -29000000.0,
        "General And Administrative Expense": -29000000.0,
        "Salaries And Wages": -29000000.0,
        "Gross Profit": 807000000.0,
        "Cost Of Revenue": 1359000000.0,
        "Total Revenue": 2166000000.0,
        "Operating Revenue": 1959000000.0
    },
    "2023-12-31": {
        "Tax Effect Of Unusual Items": -25742895.805142,
        "Tax Rate For Calcs": 0.156969,
        "Normalized EBITDA": 1084000000.0,
        "Total Unusual Items": -164000000.0,
        "Total Unusual Items Excluding Goodwill": -164000000.0,
        "Net Income From Continuing Operation Net Minority Interest": 622000000.0,
        "Reconciled Depreciation": 118000000.0,
        "Reconciled Cost Of Revenue": 1325000000.0,
        "EBITDA": 920000000.0,
        "EBIT": 802000000.0,
        "Net Interest Income": -63000000.0,
        "Interest Expense": 63000000.0,
        "Normalized Income": 760257104.194858,
        "Net Income From Continuing And Discontinued Operation": 622000000.0,
        "Total Expenses": 2058000000.0,
        "Total Operating Income As Reported": 779000000.0,
        "Diluted Average Shares": 104000000.0,
        "Basic Average Shares": 103000000.0,
        "Diluted EPS": 5.97,
        "Basic EPS": 6.02,
        "Diluted NI Availto Com Stockholders": 622000000.0,
        "Net Income Common Stockholders": 622000000.0,
        "Net Income": 622000000.0,
        "Minority Interests": -1000000.0,
        "Net Income Including Noncontrolling Interests": 623000000.0,
        "Net Income Discontinuous Operations": 0.0,
        "Net Income Continuous Operations": 623000000.0,
        "Tax Provision": 116000000.0,
        "Pretax Income": 739000000.0,
        "Other Income Expense": -54000000.0,
        "Other Non Operating Income Expenses": 110000000.0,
        "Special Income Charges": -160000000.0,
        "Gain On Sale Of Business": -1000000.0,
        "Write Off": NaN,
        "Restructuring And Mergern Acquisition": 159000000.0,
        "Earnings From Equity Interest": 0.0,
        "Gain On Sale Of Security": -4000000.0,
        "Net Non Operating Interest Income Expense": -63000000.0,
        "Interest Expense Non Operating": 63000000.0,
        "Operating Income": 856000000.0,
        "Operating Expense": 733000000.0,
        "Other Operating Expenses": 533000000.0,
        "Depreciation Amortization Depletion Income Statement": 118000000.0,
        "Depreciation And Amortization In Income Statement": 118000000.0,
        "Amortization": 60000000.0,
        "Amortization Of Intangibles Income Statement": 60000000.0,
        "Depreciation Income Statement": 58000000.0,
        "Selling General And Administration": NaN,
        "General And Administrative Expense": NaN,
        "Salaries And Wages": NaN,
        "Gross Profit": 1589000000.0,
        "Cost Of Revenue": 1325000000.0,
        "Total Revenue": 2914000000.0,
        "Operating Revenue": 3453000000.0
    },
    "2024-03-31": {
        "Tax Effect Of Unusual Items": -27860000.0,
        "Tax Rate For Calcs": 0.199,
        "Normalized EBITDA": 565000000.0,
        "Total Unusual Items": -140000000.0,
        "Total Unusual Items Excluding Goodwill": -140000000.0,
        "Net Income From Continuing Operation Net Minority Interest": 190000000.0,
        "Reconciled Depreciation": 119000000.0,
        "Reconciled Cost Of Revenue": 1342000000.0,
        "EBITDA": 425000000.0,
        "EBIT": 306000000.0,
        "Net Interest Income": -64000000.0,
        "Interest Expense": 64000000.0,
        "Normalized Income": 302140000.0,
        "Net Income From Continuing And Discontinued Operation": 190000000.0,
        "Total Expenses": 1918000000.0,
        "Total Operating Income As Reported": 280000000.0,
        "Diluted Average Shares": 104000000.0,
        "Basic Average Shares": 103000000.0,
        "Diluted EPS": 1.83,
        "Basic EPS": 1.84,
        "Diluted NI Availto Com Stockholders": 190000000.0,
        "Net Income Common Stockholders": 190000000.0,
        "Net Income": 190000000.0,
        "Minority Interests": -4000000.0,
        "Net Income Including Noncontrolling Interests": 194000000.0,
        "Net Income Discontinuous Operations": NaN,
        "Net Income Continuous Operations": 194000000.0,
        "Tax Provision": 48000000.0,
        "Pretax Income": 242000000.0,
        "Other Income Expense": -117000000.0,
        "Other Non Operating Income Expenses": 23000000.0,
        "Special Income Charges": -143000000.0,
        "Gain On Sale Of Business": NaN,
        "Write Off": NaN,
        "Restructuring And Mergern Acquisition": 143000000.0,
        "Earnings From Equity Interest": 0.0,
        "Gain On Sale Of Security": 3000000.0,
        "Net Non Operating Interest Income Expense": -64000000.0,
        "Interest Expense Non Operating": 64000000.0,
        "Operating Income": 423000000.0,
        "Operating Expense": 576000000.0,
        "Other Operating Expenses": 457000000.0,
        "Depreciation Amortization Depletion Income Statement": 119000000.0,
        "Depreciation And Amortization In Income Statement": 119000000.0,
        "Amortization": 60000000.0,
        "Amortization Of Intangibles Income Statement": 60000000.0,
        "Depreciation Income Statement": 59000000.0,
        "Selling General And Administration": NaN,
        "General And Administrative Expense": NaN,
        "Salaries And Wages": NaN,
        "Gross Profit": 999000000.0,
        "Cost Of Revenue": 1342000000.0,
        "Total Revenue": 2341000000.0,
        "Operating Revenue": 2341000000.0
    },
    "2024-06-30": {
        "Tax Effect Of Unusual Items": -15444000.0,
        "Tax Rate For Calcs": 0.156,
        "Normalized EBITDA": 452000000.0,
        "Total Unusual Items": -99000000.0,
        "Total Unusual Items Excluding Goodwill": -99000000.0,
        "Net Income From Continuing Operation Net Minority Interest": 141000000.0,
        "Reconciled Depreciation": 117000000.0,
        "Reconciled Cost Of Revenue": 1397000000.0,
        "EBITDA": 353000000.0,
        "EBIT": 236000000.0,
        "Net Interest Income": -68000000.0,
        "Interest Expense": 68000000.0,
        "Normalized Income": 224556000.0,
        "Net Income From Continuing And Discontinued Operation": 141000000.0,
        "Total Expenses": 1932000000.0,
        "Total Operating Income As Reported": 212000000.0,
        "Diluted Average Shares": 103000000.0,
        "Basic Average Shares": 103000000.0,
        "Diluted EPS": 1.36,
        "Basic EPS": 1.37,
        "Diluted NI Availto Com Stockholders": 141000000.0,
        "Net Income Common Stockholders": 141000000.0,
        "Net Income": 141000000.0,
        "Minority Interests": -1000000.0,
        "Net Income Including Noncontrolling Interests": 142000000.0,
        "Net Income Discontinuous Operations": NaN,
        "Net Income Continuous Operations": 142000000.0,
        "Tax Provision": 26000000.0,
        "Pretax Income": 168000000.0,
        "Other Income Expense": -97000000.0,
        "Other Non Operating Income Expenses": 1000000.0,
        "Special Income Charges": -100000000.0,
        "Gain On Sale Of Business": 0.0,
        "Write Off": NaN,
        "Restructuring And Mergern Acquisition": 100000000.0,
        "Earnings From Equity Interest": 1000000.0,
        "Gain On Sale Of Security": 1000000.0,
        "Net Non Operating Interest Income Expense": -68000000.0,
        "Interest Expense Non Operating": 68000000.0,
        "Operating Income": 333000000.0,
        "Operating Expense": 535000000.0,
        "Other Operating Expenses": 439000000.0,
        "Depreciation Amortization Depletion Income Statement": 117000000.0,
        "Depreciation And Amortization In Income Statement": 117000000.0,
        "Amortization": 60000000.0,
        "Amortization Of Intangibles Income Statement": 60000000.0,
        "Depreciation Income Statement": 57000000.0,
        "Selling General And Administration": -21000000.0,
        "General And Administrative Expense": -21000000.0,
        "Salaries And Wages": -21000000.0,
        "Gross Profit": 868000000.0,
        "Cost Of Revenue": 1397000000.0,
        "Total Revenue": 2265000000.0,
        "Operating Revenue": 2265000000.0
    },
    "2024-09-30": {
        "Tax Effect Of Unusual Items": -372876000.0,
        "Tax Rate For Calcs": 0.161,
        "Normalized EBITDA": 503000000.0,
        "Total Unusual Items": -2316000000.0,
        "Total Unusual Items Excluding Goodwill": -2316000000.0,
        "Net Income From Continuing Operation Net Minority Interest": -1675000000.0,
        "Reconciled Depreciation": 116000000.0,
        "Reconciled Cost Of Revenue": 1396000000.0,
        "EBITDA": -1813000000.0,
        "EBIT": -1929000000.0,
        "Net Interest Income": -65000000.0,
        "Interest Expense": 65000000.0,
        "Normalized Income": 268124000.0,
        "Net Income From Continuing And Discontinued Operation": -1675000000.0,
        "Total Expenses": 1931000000.0,
        "Total Operating Income As Reported": -766000000.0,
        "Diluted Average Shares": 102000000.0,
        "Basic Average Shares": 102000000.0,
        "Diluted EPS": -16.44,
        "Basic EPS": -16.44,
        "Diluted NI Availto Com Stockholders": -1675000000.0,
        "Net Income Common Stockholders": -1675000000.0,
        "Net Income": -1675000000.0,
        "Minority Interests": -3000000.0,
        "Net Income Including Noncontrolling Interests": -1672000000.0,
        "Net Income Discontinuous Operations": NaN,
        "Net Income Continuous Operations": -1672000000.0,
        "Tax Provision": -322000000.0,
        "Pretax Income": -1994000000.0,
        "Other Income Expense": -2287000000.0,
        "Other Non Operating Income Expenses": 25000000.0,
        "Special Income Charges": -2314000000.0,
        "Gain On Sale Of Business": -1190000000.0,
        "Write Off": 1042000000.0,
        "Restructuring And Mergern Acquisition": 82000000.0,
        "Earnings From Equity Interest": 4000000.0,
        "Gain On Sale Of Security": -2000000.0,
        "Net Non Operating Interest Income Expense": -65000000.0,
        "Interest Expense Non Operating": 65000000.0,
        "Operating Income": 358000000.0,
        "Operating Expense": 535000000.0,
        "Other Operating Expenses": 419000000.0,
        "Depreciation Amortization Depletion Income Statement": 116000000.0,
        "Depreciation And Amortization In Income Statement": 116000000.0,
        "Amortization": 56000000.0,
        "Amortization Of Intangibles Income Statement": 56000000.0,
        "Depreciation Income Statement": 60000000.0,
        "Selling General And Administration": NaN,
        "General And Administrative Expense": NaN,
        "Salaries And Wages": NaN,
        "Gross Profit": 893000000.0,
        "Cost Of Revenue": 1396000000.0,
        "Total Revenue": 2289000000.0,
        "Operating Revenue": 2051000000.0
    }
}