{
    "2023-06-30": {
        "Tax Effect Of Unusual Items": NaN,
        "Tax Rate For Calcs": NaN,
        "Normalized EBITDA": NaN,
        "Total Unusual Items": NaN,
        "Total Unusual Items Excluding Goodwill": NaN,
        "Net Income From Continuing Operation Net Minority Interest": NaN,
        "Reconciled Depreciation": NaN,
        "Reconciled Cost Of Revenue": NaN,
        "EBITDA": NaN,
        "EBIT": NaN,
        "Net Interest Income": NaN,
        "Interest Expense": NaN,
        "Interest Income": NaN,
        "Normalized Income": NaN,
        "Net Income From Continuing And Discontinued Operation": NaN,
        "Total Expenses": NaN,
        "Diluted Average Shares": NaN,
        "Basic Average Shares": NaN,
        "Diluted EPS": NaN,
        "Basic EPS": NaN,
        "Diluted NI Availto Com Stockholders": NaN,
        "Net Income Common Stockholders": NaN,
        "Net Income": NaN,
        "Net Income Including Noncontrolling Interests": NaN,
        "Net Income Continuous Operations": NaN,
        "Tax Provision": NaN,
        "Pretax Income": NaN,
        "Other Income Expense": NaN,
        "Other Non Operating Income Expenses": NaN,
        "Special Income Charges": NaN,
        "Gain On Sale Of Ppe": NaN,
        "Restructuring And Mergern Acquisition": NaN,
        "Earnings From Equity Interest": NaN,
        "Gain On Sale Of Security": NaN,
        "Net Non Operating Interest Income Expense": NaN,
        "Interest Expense Non Operating": NaN,
        "Interest Income Non Operating": NaN,
        "Operating Income": NaN,
        "Operating Expense": NaN,
        "Research And Development": NaN,
        "Selling General And Administration": NaN,
        "Selling And Marketing Expense": 64983000.0,
        "General And Administrative Expense": -2521000.0,
        "Salaries And Wages": -2521000.0,
        "Gross Profit": NaN,
        "Cost Of Revenue": NaN,
        "Total Revenue": NaN,
        "Operating Revenue": NaN
    },
    "2023-03-31": {
        "Tax Effect Of Unusual Items": NaN,
        "Tax Rate For Calcs": NaN,
        "Normalized EBITDA": NaN,
        "Total Unusual Items": NaN,
        "Total Unusual Items Excluding Goodwill": NaN,
        "Net Income From Continuing Operation Net Minority Interest": NaN,
        "Reconciled Depreciation": NaN,
        "Reconciled Cost Of Revenue": NaN,
        "EBITDA": NaN,
        "EBIT": NaN,
        "Net Interest Income": NaN,
        "Interest Expense": NaN,
        "Interest Income": NaN,
        "Normalized Income": NaN,
        "Net Income From Continuing And Discontinued Operation": NaN,
        "Total Expenses": NaN,
        "Diluted Average Shares": NaN,
        "Basic Average Shares": NaN,
        "Diluted EPS": NaN,
        "Basic EPS": NaN,
        "Diluted NI Availto Com Stockholders": NaN,
        "Net Income Common Stockholders": NaN,
        "Net Income": NaN,
        "Net Income Including Noncontrolling Interests": NaN,
        "Net Income Continuous Operations": NaN,
        "Tax Provision": NaN,
        "Pretax Income": NaN,
        "Other Income Expense": NaN,
        "Other Non Operating Income Expenses": NaN,
        "Special Income Charges": NaN,
        "Gain On Sale Of Ppe": NaN,
        "Restructuring And Mergern Acquisition": NaN,
        "Earnings From Equity Interest": NaN,
        "Gain On Sale Of Security": NaN,
        "Net Non Operating Interest Income Expense": NaN,
        "Interest Expense Non Operating": NaN,
        "Interest Income Non Operating": NaN,
        "Operating Income": NaN,
        "Operating Expense": NaN,
        "Research And Development": NaN,
        "Selling General And Administration": NaN,
        "Selling And Marketing Expense": 75578000.0,
        "General And Administrative Expense": 72903000.0,
        "Other Gand A": 75578000.0,
        "Salaries And Wages": -2675000.0,
        "Gross Profit": NaN,
        "Cost Of Revenue": NaN,
        "Total Revenue": NaN,
        "Operating Revenue": NaN
    },
    "2022-12-31": {
        "Tax Effect Of Unusual Items": NaN,
        "Tax Rate For Calcs": NaN,
        "Normalized EBITDA": NaN,
        "Total Unusual Items": NaN,
        "Total Unusual Items Excluding Goodwill": NaN,
        "Net Income From Continuing Operation Net Minority Interest": NaN,
        "Reconciled Depreciation": NaN,
        "Reconciled Cost Of Revenue": NaN,
        "EBITDA": NaN,
        "EBIT": NaN,
        "Net Interest Income": NaN,
        "Interest Expense": NaN,
        "Interest Income": NaN,
        "Normalized Income": NaN,
        "Net Income From Continuing And Discontinued Operation": NaN,
        "Total Expenses": NaN,
        "Diluted Average Shares": NaN,
        "Basic Average Shares": NaN,
        "Diluted EPS": NaN,
        "Basic EPS": NaN,
        "Diluted NI Availto Com Stockholders": NaN,
        "Net Income Common Stockholders": NaN,
        "Net Income": NaN,
        "Net Income Including Noncontrolling Interests": NaN,
        "Net Income Continuous Operations": NaN,
        "Tax Provision": NaN,
        "Pretax Income": NaN,
        "Other Income Expense": NaN,
        "Other Non Operating Income Expenses": NaN,
        "Special Income Charges": NaN,
        "Gain On Sale Of Ppe": -33000.0,
        "Restructuring And Mergern Acquisition": NaN,
        "Earnings From Equity Interest": NaN,
        "Gain On Sale Of Security": NaN,
        "Net Non Operating Interest Income Expense": NaN,
        "Interest Expense Non Operating": NaN,
        "Interest Income Non Operating": NaN,
        "Operating Income": NaN,
        "Operating Expense": NaN,
        "Research And Development": NaN,
        "Selling General And Administration": NaN,
        "General And Administrative Expense": NaN,
        "Other Gand A": NaN,
        "Salaries And Wages": NaN,
        "Gross Profit": NaN,
        "Cost Of Revenue": NaN,
        "Total Revenue": NaN,
        "Operating Revenue": NaN
    },
    "2022-09-30": {
        "Tax Effect Of Unusual Items": 222300.0,
        "Tax Rate For Calcs": 0.065,
        "Normalized EBITDA": 63858000.0,
        "Total Unusual Items": 3420000.0,
        "Total Unusual Items Excluding Goodwill": 3420000.0,
        "Net Income From Continuing Operation Net Minority Interest": 54041000.0,
        "Reconciled Depreciation": 29370000.0,
        "Reconciled Cost Of Revenue": 504506000.0,
        "EBITDA": 67278000.0,
        "EBIT": 67278000.0,
        "Net Interest Income": -9189000.0,
        "Interest Expense": 9509000.0,
        "Interest Income": 320000.0,
        "Normalized Income": 50843300.0,
        "Net Income From Continuing And Discontinued Operation": 54041000.0,
        "Total Expenses": 584373000.0,
        "Diluted Average Shares": 61234000.0,
        "Basic Average Shares": 59929000.0,
        "Diluted EPS": 0.88,
        "Basic EPS": 0.9,
        "Diluted NI Availto Com Stockholders": 54041000.0,
        "Net Income Common Stockholders": 54041000.0,
        "Net Income": 54041000.0,
        "Net Income Including Noncontrolling Interests": 54041000.0,
        "Net Income Continuous Operations": 54041000.0,
        "Tax Provision": 3728000.0,
        "Pretax Income": 57769000.0,
        "Other Income Expense": 11298000.0,
        "Other Non Operating Income Expenses": 7878000.0,
        "Special Income Charges": 3420000.0,
        "Gain On Sale Of Ppe": 230000.0,
        "Restructuring And Mergern Acquisition": -3420000.0,
        "Earnings From Equity Interest": 5518000.0,
        "Gain On Sale Of Security": -1079000.0,
        "Net Non Operating Interest Income Expense": -9189000.0,
        "Interest Expense Non Operating": 9509000.0,
        "Interest Income Non Operating": 320000.0,
        "Operating Income": 55660000.0,
        "Operating Expense": 79867000.0,
        "Research And Development": 29782000.0,
        "Selling General And Administration": 50085000.0,
        "General And Administrative Expense": NaN,
        "Other Gand A": NaN,
        "Salaries And Wages": NaN,
        "Gross Profit": 135527000.0,
        "Cost Of Revenue": 504506000.0,
        "Total Revenue": 640033000.0,
        "Operating Revenue": 640033000.0
    },
    "2022-06-30": {
        "Tax Effect Of Unusual Items": 0.0,
        "Tax Rate For Calcs": 0.216,
        "Normalized EBITDA": 58820000.0,
        "Total Unusual Items": -3836000.0,
        "Total Unusual Items Excluding Goodwill": -3836000.0,
        "Net Income From Continuing Operation Net Minority Interest": 39446000.0,
        "Reconciled Depreciation": 29927000.0,
        "Reconciled Cost Of Revenue": 480403000.0,
        "EBITDA": 58820000.0,
        "EBIT": 58820000.0,
        "Net Interest Income": -8180000.0,
        "Interest Expense": 8533000.0,
        "Interest Income": 353000.0,
        "Normalized Income": 39446000.0,
        "Net Income From Continuing And Discontinued Operation": 39446000.0,
        "Total Expenses": 559117000.0,
        "Diluted Average Shares": 62088000.0,
        "Basic Average Shares": 60506000.0,
        "Diluted EPS": 0.64,
        "Basic EPS": 0.65,
        "Diluted NI Availto Com Stockholders": 39446000.0,
        "Net Income Common Stockholders": 39446000.0,
        "Net Income": 39446000.0,
        "Net Income Including Noncontrolling Interests": 39446000.0,
        "Net Income Continuous Operations": 39446000.0,
        "Tax Provision": 10841000.0,
        "Pretax Income": 50287000.0,
        "Other Income Expense": 3252000.0,
        "Other Non Operating Income Expenses": 3252000.0,
        "Special Income Charges": 4000.0,
        "Gain On Sale Of Ppe": 4000.0,
        "Restructuring And Mergern Acquisition": NaN,
        "Earnings From Equity Interest": 3860000.0,
        "Gain On Sale Of Security": -3840000.0,
        "Net Non Operating Interest Income Expense": -8180000.0,
        "Interest Expense Non Operating": 8533000.0,
        "Interest Income Non Operating": 353000.0,
        "Operating Income": 55215000.0,
        "Operating Expense": 78714000.0,
        "Research And Development": 32224000.0,
        "Selling General And Administration": 46490000.0,
        "General And Administrative Expense": NaN,
        "Other Gand A": NaN,
        "Salaries And Wages": NaN,
        "Gross Profit": 133929000.0,
        "Cost Of Revenue": 480403000.0,
        "Total Revenue": 614332000.0,
        "Operating Revenue": 614332000.0
    },
    "2022-03-31": {
        "Diluted EPS": 0.74,
        "Total Revenue": 587,
        "Gross Profit": 133,
        "Operating Income": 57,
        "EBIT": 88,
        "Net Income": 48
    },
    "2021-12-31": {
        "Diluted EPS": 0.47,
        "Total Revenue": 542,
        "Gross Profit": 122,
        "Operating Income": 35,
        "EBIT": 65,
        "Net Income": 30
    },
    "2021-09-30": {
        "Diluted EPS": 0.76,
        "Total Revenue": 570,
        "Gross Profit": 134,
        "Operating Income": 63,
        "EBIT": 94,
        "Net Income": 50
    },
    "2021-06-30": {
        "Diluted EPS": 0.74,
        "Total Revenue": 557,
        "Gross Profit": 134,
        "Operating Income": 56,
        "EBIT": 89,
        "Net Income": 49
    },
    "2021-03-31": {
        "Diluted EPS": 1.04,
        "Total Revenue": 581,
        "Gross Profit": 147,
        "Operating Income": 75,
        "EBIT": 108,
        "Net Income": 68
    },
    "2020-12-31": {
        "Diluted EPS": 0.64,
        "Total Revenue": 538,
        "Gross Profit": 136,
        "Operating Income": 48,
        "EBIT": 81,
        "Net Income": 42
    },
    "2020-09-30": {
        "Diluted EPS": 0.89,
        "Total Revenue": 531,
        "Gross Profit": 124,
        "Operating Income": 53,
        "EBIT": 86,
        "Net Income": 57
    },
    "2020-06-30": {
        "Diluted EPS": 0.61,
        "Total Revenue": 524,
        "Gross Profit": 128,
        "Operating Income": 48,
        "EBIT": 80,
        "Net Income": 38
    },
    "2020-03-31": {
        "Diluted EPS": 1.41,
        "Total Revenue": 720,
        "Gross Profit": 203,
        "Operating Income": 110,
        "EBIT": 143,
        "Net Income": 91
    },
    "2019-12-31": {
        "Diluted EPS": 0.83,
        "Total Revenue": 720,
        "Gross Profit": 185,
        "Operating Income": 87,
        "EBIT": 119,
        "Net Income": 53
    },
    "2019-09-30": {
        "Diluted EPS": 1.03,
        "Total Revenue": 737,
        "Gross Profit": 165,
        "Operating Income": 78,
        "EBIT": 112,
        "Net Income": 67
    },
    "2019-06-30": {
        "Diluted EPS": 1.02,
        "Total Revenue": 752,
        "Gross Profit": 189,
        "Operating Income": 96,
        "EBIT": 129,
        "Net Income": 66
    },
    "2019-03-31": {
        "Diluted EPS": 1.2,
        "Total Revenue": 759,
        "Gross Profit": 192,
        "Operating Income": 93,
        "EBIT": 130,
        "Net Income": 78
    },
    "2018-12-31": {
        "Diluted EPS": 0.77,
        "Total Revenue": 653,
        "Gross Profit": 161,
        "Operating Income": 70,
        "EBIT": 108,
        "Net Income": 49
    },
    "2018-09-30": {
        "Diluted EPS": 1.16,
        "Total Revenue": 719,
        "Gross Profit": 175,
        "Operating Income": 86,
        "EBIT": 86,
        "Net Income": 75
    },
    "2018-06-30": {
        "Diluted EPS": 0.77,
        "Total Revenue": 588,
        "Gross Profit": 159,
        "Operating Income": 65,
        "EBIT": 65,
        "Net Income": 49
    },
    "2018-03-31": {
        "Diluted EPS": 0.6,
        "Total Revenue": 548,
        "Gross Profit": 146,
        "Operating Income": 52,
        "EBIT": 52,
        "Net Income": 38
    },
    "2017-12-31": {
        "Diluted EPS": 0.29,
        "Total Revenue": 470,
        "Gross Profit": 123,
        "Operating Income": 41,
        "EBIT": 41,
        "Net Income": 18
    },
    "2017-09-30": {
        "Diluted EPS": 0.98,
        "Total Revenue": 607,
        "Gross Profit": 170,
        "Operating Income": 88,
        "EBIT": 110,
        "Net Income": 62
    },
    "2017-06-30": {
        "Diluted EPS": 0.85,
        "Total Revenue": 549,
        "Gross Profit": 154,
        "Operating Income": 75,
        "EBIT": 95,
        "Net Income": 54
    },
    "2017-03-31": {
        "Diluted EPS": 0.6,
        "Total Revenue": 500,
        "Gross Profit": 133,
        "Operating Income": 55,
        "EBIT": 75,
        "Net Income": 38
    },
    "2016-12-31": {
        "Diluted EPS": 0.73,
        "Total Revenue": 443,
        "Gross Profit": 114,
        "Operating Income": 49,
        "EBIT": 68,
        "Net Income": 47
    },
    "2016-09-30": {
        "Diluted EPS": 0.99,
        "Total Revenue": 591,
        "Gross Profit": 157,
        "Operating Income": 85,
        "EBIT": 104,
        "Net Income": 63
    },
    "2016-06-30": {
        "Diluted EPS": 0.81,
        "Total Revenue": 508,
        "Gross Profit": 137,
        "Operating Income": 64,
        "EBIT": 81,
        "Net Income": 51
    },
    "2016-03-31": {
        "Diluted EPS": 0.65,
        "Total Revenue": 479,
        "Gross Profit": 133,
        "Operating Income": 58,
        "EBIT": 73,
        "Net Income": 41
    },
    "2015-12-31": {
        "Diluted EPS": 0.4,
        "Total Revenue": 445,
        "Gross Profit": 112,
        "Operating Income": 32,
        "EBIT": 49,
        "Net Income": 26
    },
    "2015-09-30": {
        "Diluted EPS": 0.77,
        "Total Revenue": 563,
        "Gross Profit": 151,
        "Operating Income": 77,
        "EBIT": 96,
        "Net Income": 50
    },
    "2015-06-30": {
        "Diluted EPS": 0.66,
        "Total Revenue": 495,
        "Gross Profit": 143,
        "Operating Income": 63,
        "EBIT": 82,
        "Net Income": 44
    },
    "2015-03-31": {
        "Diluted EPS": 0.66,
        "Total Revenue": 493,
        "Gross Profit": 138,
        "Operating Income": 62,
        "EBIT": 80,
        "Net Income": 44
    },
    "2014-12-31": {
        "Diluted EPS": 0.66,
        "Total Revenue": 488,
        "Gross Profit": 144,
        "Operating Income": 62,
        "EBIT": 81,
        "Net Income": 44
    },
    "2014-09-30": {
        "Diluted EPS": 0.76,
        "Total Revenue": 565,
        "Gross Profit": 168,
        "Operating Income": 80,
        "EBIT": 99,
        "Net Income": 52
    },
    "2014-06-30": {
        "Diluted EPS": 0.69,
        "Total Revenue": 524,
        "Gross Profit": 152,
        "Operating Income": 68,
        "EBIT": 87,
        "Net Income": 46
    },
    "2014-03-31": {
        "Diluted EPS": 0.66,
        "Total Revenue": 482,
        "Gross Profit": 142,
        "Operating Income": 63,
        "EBIT": 82,
        "Net Income": 45
    },
    "2013-12-31": {
        "Diluted EPS": 0.34,
        "Total Revenue": 429,
        "Gross Profit": 114,
        "Operating Income": 38,
        "EBIT": 57,
        "Net Income": 23
    },
    "2013-09-30": {
        "Diluted EPS": 0.76,
        "Total Revenue": 558,
        "Gross Profit": 169,
        "Operating Income": 81,
        "EBIT": 99,
        "Net Income": 52
    },
    "2013-06-30": {
        "Diluted EPS": 0.34,
        "Total Revenue": 484,
        "Gross Profit": 134,
        "Operating Income": 42,
        "EBIT": 61,
        "Net Income": 24
    },
    "2013-03-31": {
        "Diluted EPS": 0.61,
        "Total Revenue": 486,
        "Gross Profit": 137,
        "Operating Income": 56,
        "EBIT": 76,
        "Net Income": 42
    },
    "2012-12-31": {
        "Diluted EPS": 0.39,
        "Total Revenue": 408,
        "Gross Profit": 119,
        "Operating Income": 45,
        "EBIT": 63,
        "Net Income": 27
    },
    "2012-09-30": {
        "Diluted EPS": 0.66,
        "Total Revenue": 529,
        "Gross Profit": 162,
        "Operating Income": 72,
        "EBIT": 87,
        "Net Income": 46
    },
    "2012-06-30": {
        "Diluted EPS": 0.4,
        "Total Revenue": 460,
        "Gross Profit": 131,
        "Operating Income": 44,
        "EBIT": 62,
        "Net Income": 28
    },
    "2012-03-31": {
        "Diluted EPS": 0.55,
        "Total Revenue": 469,
        "Gross Profit": 146,
        "Operating Income": 60,
        "EBIT": 78,
        "Net Income": 39
    },
    "2011-12-31": {
        "Diluted EPS": 0.4,
        "Total Revenue": 408,
        "Gross Profit": 123,
        "Operating Income": 46,
        "EBIT": 64,
        "Net Income": 28
    },
    "2011-09-30": {
        "Diluted EPS": 0.6,
        "Total Revenue": 489,
        "Gross Profit": 149,
        "Operating Income": 65,
        "EBIT": 84,
        "Net Income": 42
    },
    "2011-06-30": {
        "Diluted EPS": 0.51,
        "Total Revenue": 438,
        "Gross Profit": 134,
        "Operating Income": 57,
        "EBIT": 77,
        "Net Income": 36
    },
    "2011-03-31": {
        "Diluted EPS": 0.46,
        "Total Revenue": 419,
        "Gross Profit": 126,
        "Operating Income": 52,
        "EBIT": 71,
        "Net Income": 32
    },
    "2010-12-31": {
        "Diluted EPS": 0.32,
        "Total Revenue": 365,
        "Gross Profit": 104,
        "Operating Income": 39,
        "EBIT": 58,
        "Net Income": 22
    },
    "2010-09-30": {
        "Diluted EPS": 0.48,
        "Total Revenue": 412,
        "Gross Profit": 124,
        "Operating Income": 55,
        "EBIT": 74,
        "Net Income": 33
    },
    "2010-06-30": {
        "Diluted EPS": 0.45,
        "Total Revenue": 356,
        "Gross Profit": 106,
        "Operating Income": 45,
        "EBIT": 63,
        "Net Income": 32
    },
    "2010-03-31": {
        "Diluted EPS": 0.34,
        "Total Revenue": 349,
        "Gross Profit": 105,
        "Operating Income": 43,
        "EBIT": 62,
        "Net Income": 24
    },
    "2009-12-31": {
        "Diluted EPS": 0.32,
        "Total Revenue": 339,
        "Gross Profit": 100,
        "Operating Income": 39,
        "EBIT": 58,
        "Net Income": 22
    },
    "2009-09-30": {
        "Diluted EPS": 0.35,
        "Total Revenue": 365,
        "Gross Profit": 102,
        "Operating Income": 40,
        "EBIT": 58,
        "Net Income": 24
    },
    "2009-06-30": {
        "Diluted EPS": 0.36,
        "Total Revenue": 386,
        "Gross Profit": 99,
        "Operating Income": 37,
        "EBIT": 55,
        "Net Income": 25
    },
    "2009-03-31": {
        "Diluted EPS": 0.27,
        "Total Revenue": 335,
        "Gross Profit": 99,
        "Operating Income": 31,
        "EBIT": 45,
        "Net Income": 18
    },
    "2023-09-30": {
        "Tax Effect Of Unusual Items": -263843.614851,
        "Tax Rate For Calcs": 0.156956,
        "Normalized EBITDA": 141899000.0,
        "Total Unusual Items": -1681000.0,
        "Total Unusual Items Excluding Goodwill": -1681000.0,
        "Net Income From Continuing Operation Net Minority Interest": 82652000.0,
        "Reconciled Depreciation": 30442000.0,
        "Reconciled Cost Of Revenue": 587510000.0,
        "EBITDA": 140218000.0,
        "EBIT": 109776000.0,
        "Net Interest Income": -10375000.0,
        "Interest Expense": 11736000.0,
        "Interest Income": 1361000.0,
        "Normalized Income": 84069156.385149,
        "Net Income From Continuing And Discontinued Operation": 82652000.0,
        "Total Expenses": 685515000.0,
        "Diluted Average Shares": 62039000.0,
        "Basic Average Shares": 60103000.0,
        "Diluted EPS": 1.33,
        "Basic EPS": 1.38,
        "Diluted NI Availto Com Stockholders": 82652000.0,
        "Net Income Common Stockholders": 82652000.0,
        "Net Income": 82652000.0,
        "Net Income Including Noncontrolling Interests": 82652000.0,
        "Net Income Continuous Operations": 82652000.0,
        "Tax Provision": 15388000.0,
        "Pretax Income": 98040000.0,
        "Other Income Expense": 16860000.0,
        "Other Non Operating Income Expenses": 3572000.0,
        "Special Income Charges": -819000.0,
        "Gain On Sale Of Ppe": -819000.0,
        "Restructuring And Mergern Acquisition": 0.0,
        "Earnings From Equity Interest": 14969000.0,
        "Gain On Sale Of Security": -862000.0,
        "Net Non Operating Interest Income Expense": -10375000.0,
        "Interest Expense Non Operating": 11736000.0,
        "Interest Income Non Operating": 1361000.0,
        "Operating Income": 91555000.0,
        "Operating Expense": 98005000.0,
        "Research And Development": 32061000.0,
        "Selling General And Administration": 65944000.0,
        "Selling And Marketing Expense": NaN,
        "General And Administrative Expense": NaN,
        "Salaries And Wages": NaN,
        "Gross Profit": 189560000.0,
        "Cost Of Revenue": 587510000.0,
        "Total Revenue": 777070000.0,
        "Operating Revenue": 777070000.0
    },
    "2023-12-31": {
        "Tax Effect Of Unusual Items": 1329188.042289,
        "Tax Rate For Calcs": 0.179329,
        "Normalized EBITDA": 142569000.0,
        "Total Unusual Items": 7412000.0,
        "Total Unusual Items Excluding Goodwill": 7412000.0,
        "Net Income From Continuing Operation Net Minority Interest": 90044000.0,
        "Reconciled Depreciation": 28825000.0,
        "Reconciled Cost Of Revenue": 582381000.0,
        "EBITDA": 149981000.0,
        "EBIT": 121156000.0,
        "Net Interest Income": -9963000.0,
        "Interest Expense": 11436000.0,
        "Interest Income": 1473000.0,
        "Normalized Income": 83961188.042289,
        "Net Income From Continuing And Discontinued Operation": 90044000.0,
        "Total Expenses": 687686000.0,
        "Diluted Average Shares": 61846000.0,
        "Basic Average Shares": 60021000.0,
        "Diluted EPS": 1.46,
        "Basic EPS": 1.5,
        "Diluted NI Availto Com Stockholders": 90044000.0,
        "Net Income Common Stockholders": 90044000.0,
        "Net Income": 90044000.0,
        "Net Income Including Noncontrolling Interests": 90044000.0,
        "Net Income Continuous Operations": 90044000.0,
        "Tax Provision": 19676000.0,
        "Pretax Income": 109720000.0,
        "Other Income Expense": 20639000.0,
        "Other Non Operating Income Expenses": 3072000.0,
        "Special Income Charges": 4803000.0,
        "Gain On Sale Of Ppe": 0.0,
        "Restructuring And Mergern Acquisition": -4803000.0,
        "Earnings From Equity Interest": 10155000.0,
        "Gain On Sale Of Security": 2609000.0,
        "Net Non Operating Interest Income Expense": -9963000.0,
        "Interest Expense Non Operating": 11436000.0,
        "Interest Income Non Operating": 1473000.0,
        "Operating Income": 99044000.0,
        "Operating Expense": 105305000.0,
        "Research And Development": 30794000.0,
        "Selling General And Administration": 74511000.0,
        "Selling And Marketing Expense": NaN,
        "General And Administrative Expense": NaN,
        "Salaries And Wages": NaN,
        "Gross Profit": 204349000.0,
        "Cost Of Revenue": 582381000.0,
        "Total Revenue": 786730000.0,
        "Operating Revenue": 786730000.0
    },
    "2024-03-31": {
        "Tax Effect Of Unusual Items": 505768.0,
        "Tax Rate For Calcs": 0.191,
        "Normalized EBITDA": 158731000.0,
        "Total Unusual Items": 2648000.0,
        "Total Unusual Items Excluding Goodwill": 2648000.0,
        "Net Income From Continuing Operation Net Minority Interest": 97556000.0,
        "Reconciled Depreciation": 29225000.0,
        "Reconciled Cost Of Revenue": 600954000.0,
        "EBITDA": 161379000.0,
        "EBIT": 132154000.0,
        "Net Interest Income": -10237000.0,
        "Interest Expense": 11530000.0,
        "Interest Income": 1293000.0,
        "Normalized Income": 95413768.0,
        "Net Income From Continuing And Discontinued Operation": 97556000.0,
        "Total Expenses": 718866000.0,
        "Diluted Average Shares": 62365000.0,
        "Basic Average Shares": 60427000.0,
        "Diluted EPS": 1.56,
        "Basic EPS": 1.61,
        "Diluted NI Availto Com Stockholders": 97556000.0,
        "Net Income Common Stockholders": 97556000.0,
        "Net Income": 97556000.0,
        "Net Income Including Noncontrolling Interests": 97556000.0,
        "Net Income Continuous Operations": 97556000.0,
        "Tax Provision": 23068000.0,
        "Pretax Income": 120624000.0,
        "Other Income Expense": 14384000.0,
        "Other Non Operating Income Expenses": 3035000.0,
        "Special Income Charges": 863000.0,
        "Gain On Sale Of Ppe": 863000.0,
        "Restructuring And Mergern Acquisition": 0.0,
        "Earnings From Equity Interest": 8701000.0,
        "Gain On Sale Of Security": 1785000.0,
        "Net Non Operating Interest Income Expense": -10237000.0,
        "Interest Expense Non Operating": 11530000.0,
        "Interest Income Non Operating": 1293000.0,
        "Operating Income": 116477000.0,
        "Operating Expense": 117912000.0,
        "Research And Development": 36465000.0,
        "Selling General And Administration": 81447000.0,
        "Selling And Marketing Expense": NaN,
        "General And Administrative Expense": NaN,
        "Salaries And Wages": NaN,
        "Gross Profit": 234389000.0,
        "Cost Of Revenue": 600954000.0,
        "Total Revenue": 835343000.0,
        "Operating Revenue": 835343000.0
    },
    "2024-06-30": {
        "Tax Effect Of Unusual Items": 33456.0,
        "Tax Rate For Calcs": 0.164,
        "Normalized EBITDA": 162200000.0,
        "Total Unusual Items": 204000.0,
        "Total Unusual Items Excluding Goodwill": 204000.0,
        "Net Income From Continuing Operation Net Minority Interest": 102075000.0,
        "Reconciled Depreciation": 28792000.0,
        "Reconciled Cost Of Revenue": 617702000.0,
        "EBITDA": 162404000.0,
        "EBIT": 133612000.0,
        "Net Interest Income": -9788000.0,
        "Interest Expense": 11516000.0,
        "Interest Income": 1728000.0,
        "Normalized Income": 101904456.0,
        "Net Income From Continuing And Discontinued Operation": 102075000.0,
        "Total Expenses": 730242000.0,
        "Diluted Average Shares": 62522000.0,
        "Basic Average Shares": 60425000.0,
        "Diluted EPS": 1.63,
        "Basic EPS": 1.69,
        "Diluted NI Availto Com Stockholders": 102075000.0,
        "Net Income Common Stockholders": 102075000.0,
        "Net Income": 102075000.0,
        "Net Income Including Noncontrolling Interests": 102075000.0,
        "Net Income Continuous Operations": 102075000.0,
        "Tax Provision": 20021000.0,
        "Pretax Income": 122096000.0,
        "Other Income Expense": 14438000.0,
        "Other Non Operating Income Expenses": 3446000.0,
        "Special Income Charges": -307000.0,
        "Gain On Sale Of Ppe": -307000.0,
        "Restructuring And Mergern Acquisition": 0.0,
        "Earnings From Equity Interest": 10788000.0,
        "Gain On Sale Of Security": 511000.0,
        "Net Non Operating Interest Income Expense": -9788000.0,
        "Interest Expense Non Operating": 11516000.0,
        "Interest Income Non Operating": 1728000.0,
        "Operating Income": 117446000.0,
        "Operating Expense": 112540000.0,
        "Research And Development": 38728000.0,
        "Selling General And Administration": 73812000.0,
        "Selling And Marketing Expense": 73812000.0,
        "General And Administrative Expense": -2939000.0,
        "Salaries And Wages": -2939000.0,
        "Gross Profit": 229986000.0,
        "Cost Of Revenue": 617702000.0,
        "Total Revenue": 847688000.0,
        "Operating Revenue": 847688000.0
    },
    "2024-09-30": {
        "Tax Effect Of Unusual Items": 279817.29718,
        "Tax Rate For Calcs": 0.1796,
        "Normalized EBITDA": 142778000.0,
        "Total Unusual Items": 1558000.0,
        "Total Unusual Items Excluding Goodwill": 1558000.0,
        "Net Income From Continuing Operation Net Minority Interest": 83296000.0,
        "Reconciled Depreciation": 29328000.0,
        "Reconciled Cost Of Revenue": 646733000.0,
        "EBITDA": 144336000.0,
        "EBIT": 115008000.0,
        "Net Interest Income": -11513000.0,
        "Interest Expense": 13477000.0,
        "Interest Income": 1964000.0,
        "Normalized Income": 82017817.29718,
        "Net Income From Continuing And Discontinued Operation": 83296000.0,
        "Total Expenses": 759151000.0,
        "Diluted Average Shares": 61385000.0,
        "Basic Average Shares": 59437000.0,
        "Diluted EPS": 1.36,
        "Basic EPS": 1.4,
        "Diluted NI Availto Com Stockholders": 83296000.0,
        "Net Income Common Stockholders": 83296000.0,
        "Net Income": 83296000.0,
        "Net Income Including Noncontrolling Interests": 83296000.0,
        "Net Income Continuous Operations": 83296000.0,
        "Tax Provision": 18235000.0,
        "Pretax Income": 101531000.0,
        "Other Income Expense": 17707000.0,
        "Other Non Operating Income Expenses": 4602000.0,
        "Special Income Charges": -108000.0,
        "Gain On Sale Of Ppe": -108000.0,
        "Restructuring And Mergern Acquisition": 0.0,
        "Earnings From Equity Interest": 11547000.0,
        "Gain On Sale Of Security": 1666000.0,
        "Net Non Operating Interest Income Expense": -11513000.0,
        "Interest Expense Non Operating": 13477000.0,
        "Interest Income Non Operating": 1964000.0,
        "Operating Income": 95337000.0,
        "Operating Expense": 112418000.0,
        "Research And Development": 34689000.0,
        "Selling General And Administration": 77729000.0,
        "Selling And Marketing Expense": NaN,
        "General And Administrative Expense": NaN,
        "Salaries And Wages": NaN,
        "Gross Profit": 207755000.0,
        "Cost Of Revenue": 646733000.0,
        "Total Revenue": 854488000.0,
        "Operating Revenue": 854488000.0
    },
    "2024-12-31": {
        "Tax Effect Of Unusual Items": 1325356.608479,
        "Tax Rate For Calcs": 0.144943,
        "Normalized EBITDA": 132927000.0,
        "Total Unusual Items": 9144000.0,
        "Total Unusual Items Excluding Goodwill": 9144000.0,
        "Net Income From Continuing Operation Net Minority Interest": 87091000.0,
        "Reconciled Depreciation": 27876000.0,
        "Reconciled Cost Of Revenue": 583091000.0,
        "EBITDA": 142071000.0,
        "EBIT": 114195000.0,
        "Net Interest Income": -10964000.0,
        "Interest Expense": 12341000.0,
        "Interest Income": 1377000.0,
        "Normalized Income": 79272356.608479,
        "Net Income From Continuing And Discontinued Operation": 87091000.0,
        "Total Expenses": 682994000.0,
        "Diluted Average Shares": 61141000.0,
        "Basic Average Shares": 59216000.0,
        "Diluted EPS": 1.42,
        "Basic EPS": 1.47,
        "Diluted NI Availto Com Stockholders": 87091000.0,
        "Net Income Common Stockholders": 87091000.0,
        "Net Income": 87091000.0,
        "Net Income Including Noncontrolling Interests": 87091000.0,
        "Net Income Continuous Operations": 87091000.0,
        "Tax Provision": 14763000.0,
        "Pretax Income": 101854000.0,
        "Other Income Expense": 23087000.0,
        "Other Non Operating Income Expenses": 3787000.0,
        "Special Income Charges": 9243000.0,
        "Gain On Sale Of Ppe": 9243000.0,
        "Restructuring And Mergern Acquisition": 0.0,
        "Earnings From Equity Interest": 10156000.0,
        "Gain On Sale Of Security": -99000.0,
        "Net Non Operating Interest Income Expense": -10964000.0,
        "Interest Expense Non Operating": 12341000.0,
        "Interest Income Non Operating": 1377000.0,
        "Operating Income": 89731000.0,
        "Operating Expense": 99903000.0,
        "Research And Development": 30207000.0,
        "Selling General And Administration": 69696000.0,
        "Selling And Marketing Expense": NaN,
        "General And Administrative Expense": NaN,
        "Salaries And Wages": NaN,
        "Gross Profit": 189634000.0,
        "Cost Of Revenue": 583091000.0,
        "Total Revenue": 772725000.0,
        "Operating Revenue": 772725000.0
    }
}