{
    "2023-03-31": {
        "Tax Effect Of Unusual Items": 0.0,
        "Tax Rate For Calcs": 0.2846,
        "Normalized EBITDA": 71500000.0,
        "Net Income From Continuing Operation Net Minority Interest": 36700000.0,
        "Reconciled Depreciation": 15900000.0,
        "Reconciled Cost Of Revenue": 168700000.0,
        "EBIT": 55600000.0,
        "Net Interest Income": -4300000.0,
        "Interest Expense": 4300000.0,
        "Normalized Income": 36700000.0,
        "Net Income From Continuing And Discontinued Operation": 36700000.0,
        "Total Expenses": 244500000.0,
        "Total Operating Income As Reported": 53100000.0,
        "Diluted Average Shares": 89258000.0,
        "Basic Average Shares": 74441000.0,
        "Diluted EPS": 0.43,
        "Basic EPS": 0.49,
        "Diluted NI Availto Com Stockholders": 36700000.0,
        "Average Dilution Earnings": 1465000.0,
        "Net Income Common Stockholders": 36700000.0,
        "Net Income": 36700000.0,
        "Net Income Including Noncontrolling Interests": 36700000.0,
        "Net Income Continuous Operations": 36700000.0,
        "Tax Provision": 14600000.0,
        "Pretax Income": 51300000.0,
        "Other Income Expense": 2500000.0,
        "Other Non Operating Income Expenses": 2500000.0,
        "Net Non Operating Interest Income Expense": -4300000.0,
        "Interest Expense Non Operating": 4300000.0,
        "Operating Income": 53100000.0,
        "Operating Expense": 68900000.0,
        "Other Operating Expenses": NaN,
        "Depreciation Amortization Depletion Income Statement": 9000000.0,
        "Depreciation And Amortization In Income Statement": 9000000.0,
        "Selling General And Administration": 59900000.0,
        "Selling And Marketing Expense": 16400000.0,
        "General And Administrative Expense": 43500000.0,
        "Other Gand A": 43500000.0,
        "Gross Profit": 122000000.0,
        "Cost Of Revenue": 175600000.0,
        "Total Revenue": 297600000.0,
        "Operating Revenue": 297600000.0
    },
    "2022-12-31": {
        "Tax Effect Of Unusual Items": 0.0,
        "Tax Rate For Calcs": 0.355482,
        "Normalized EBITDA": 73900000.0,
        "Net Income From Continuing Operation Net Minority Interest": 38800000.0,
        "Reconciled Depreciation": 8900000.0,
        "Reconciled Cost Of Revenue": 174824000.0,
        "EBIT": 65000000.0,
        "Net Interest Income": -4800000.0,
        "Interest Expense": 4800000.0,
        "Normalized Income": 38800000.0,
        "Net Income From Continuing And Discontinued Operation": 38800000.0,
        "Total Expenses": 262600000.0,
        "Total Operating Income As Reported": 62700000.0,
        "Diluted Average Shares": 88733000.0,
        "Basic Average Shares": 74408000.0,
        "Diluted EPS": 0.45,
        "Basic EPS": 0.52,
        "Diluted NI Availto Com Stockholders": 38800000.0,
        "Average Dilution Earnings": 1344000.0,
        "Net Income Common Stockholders": 38800000.0,
        "Net Income": 38800000.0,
        "Net Income Including Noncontrolling Interests": 38800000.0,
        "Net Income Continuous Operations": 38800000.0,
        "Tax Provision": 21400000.0,
        "Pretax Income": 60200000.0,
        "Other Income Expense": 2300000.0,
        "Other Non Operating Income Expenses": 2300000.0,
        "Net Non Operating Interest Income Expense": -4800000.0,
        "Interest Expense Non Operating": 4800000.0,
        "Operating Income": 62700000.0,
        "Operating Expense": 262600000.0,
        "Other Operating Expenses": 186400000.0,
        "Depreciation Amortization Depletion Income Statement": 8900000.0,
        "Depreciation And Amortization In Income Statement": 8900000.0,
        "Selling General And Administration": 67300000.0,
        "Selling And Marketing Expense": 20400000.0,
        "General And Administrative Expense": 46900000.0,
        "Other Gand A": 46900000.0,
        "Gross Profit": 138867000.0,
        "Cost Of Revenue": 186433000.0,
        "Total Revenue": 325300000.0,
        "Operating Revenue": 325300000.0
    },
    "2022-09-30": {
        "Tax Effect Of Unusual Items": 0.0,
        "Tax Rate For Calcs": 0.22,
        "Normalized EBITDA": 83423000.0,
        "Net Income From Continuing Operation Net Minority Interest": 41620000.0,
        "Reconciled Depreciation": 24661000.0,
        "Reconciled Cost Of Revenue": 151196000.0,
        "EBIT": 58762000.0,
        "Net Interest Income": -5397000.0,
        "Interest Expense": 5397000.0,
        "Normalized Income": 41620000.0,
        "Net Income From Continuing And Discontinued Operation": 41620000.0,
        "Total Expenses": 245779000.0,
        "Total Operating Income As Reported": 58861000.0,
        "Diluted Average Shares": 88212000.0,
        "Basic Average Shares": 74352000.0,
        "Diluted EPS": 0.49,
        "Basic EPS": 0.56,
        "Diluted NI Availto Com Stockholders": 43217000.0,
        "Average Dilution Earnings": 1597000.0,
        "Net Income Common Stockholders": 41620000.0,
        "Net Income": 41620000.0,
        "Net Income Including Noncontrolling Interests": 41620000.0,
        "Net Income Continuous Operations": 41620000.0,
        "Tax Provision": 11745000.0,
        "Pretax Income": 53365000.0,
        "Other Income Expense": -99000.0,
        "Other Non Operating Income Expenses": -99000.0,
        "Net Non Operating Interest Income Expense": -5397000.0,
        "Interest Expense Non Operating": 5397000.0,
        "Operating Income": 58861000.0,
        "Operating Expense": 79160000.0,
        "Other Operating Expenses": NaN,
        "Depreciation Amortization Depletion Income Statement": 9238000.0,
        "Depreciation And Amortization In Income Statement": 9238000.0,
        "Selling General And Administration": 69922000.0,
        "Selling And Marketing Expense": 20011000.0,
        "General And Administrative Expense": 49911000.0,
        "Other Gand A": 49911000.0,
        "Gross Profit": 138021000.0,
        "Cost Of Revenue": 166619000.0,
        "Total Revenue": 304640000.0,
        "Operating Revenue": 304640000.0
    },
    "2022-06-30": {
        "Tax Effect Of Unusual Items": 0.0,
        "Tax Rate For Calcs": 0.23913,
        "Normalized EBITDA": 78600000.0,
        "Net Income From Continuing Operation Net Minority Interest": 49000000.0,
        "Reconciled Depreciation": 9500000.0,
        "Reconciled Cost Of Revenue": 196900000.0,
        "EBIT": 69100000.0,
        "Net Interest Income": -4700000.0,
        "Interest Expense": 4700000.0,
        "Normalized Income": 49000000.0,
        "Net Income From Continuing And Discontinued Operation": 49000000.0,
        "Total Expenses": 258900000.0,
        "Total Operating Income As Reported": 69300000.0,
        "Diluted Average Shares": 87857000.0,
        "Basic Average Shares": 74299000.0,
        "Diluted EPS": 0.58,
        "Basic EPS": 0.66,
        "Diluted NI Availto Com Stockholders": 49000000.0,
        "Average Dilution Earnings": 1562000.0,
        "Net Income Common Stockholders": 49000000.0,
        "Net Income": 49000000.0,
        "Net Income Including Noncontrolling Interests": 49000000.0,
        "Net Income Continuous Operations": 49000000.0,
        "Tax Provision": 15400000.0,
        "Pretax Income": 64400000.0,
        "Other Income Expense": 200000.0,
        "Other Non Operating Income Expenses": 200000.0,
        "Net Non Operating Interest Income Expense": -4700000.0,
        "Interest Expense Non Operating": 4700000.0,
        "Operating Income": 69300000.0,
        "Operating Expense": 62000000.0,
        "Other Operating Expenses": NaN,
        "Depreciation Amortization Depletion Income Statement": 9500000.0,
        "Depreciation And Amortization In Income Statement": 9500000.0,
        "Selling General And Administration": 52500000.0,
        "Selling And Marketing Expense": 20100000.0,
        "General And Administrative Expense": 32400000.0,
        "Other Gand A": 32400000.0,
        "Gross Profit": 131300000.0,
        "Cost Of Revenue": 196900000.0,
        "Total Revenue": 328200000.0,
        "Operating Revenue": 328200000.0
    },
    "2023-06-30": {
        "Tax Effect Of Unusual Items": 0.0,
        "Tax Rate For Calcs": 0.356436,
        "Normalized EBITDA": 109300000.0,
        "Net Income From Continuing Operation Net Minority Interest": 52000000.0,
        "Reconciled Depreciation": 23600000.0,
        "Reconciled Cost Of Revenue": 215600000.0,
        "EBIT": 85700000.0,
        "Net Interest Income": -4900000.0,
        "Interest Expense": 4900000.0,
        "Normalized Income": 52000000.0,
        "Net Income From Continuing And Discontinued Operation": 52000000.0,
        "Total Expenses": 323000000.0,
        "Total Operating Income As Reported": 87300000.0,
        "Diluted Average Shares": 79295000.0,
        "Basic Average Shares": 77861000.0,
        "Diluted EPS": 0.67,
        "Basic EPS": 0.67,
        "Diluted NI Availto Com Stockholders": 52000000.0,
        "Average Dilution Earnings": NaN,
        "Net Income Common Stockholders": 52000000.0,
        "Net Income": 52000000.0,
        "Net Income Including Noncontrolling Interests": 52000000.0,
        "Net Income Continuous Operations": 52000000.0,
        "Tax Provision": 28800000.0,
        "Pretax Income": 80800000.0,
        "Other Income Expense": -1600000.0,
        "Other Non Operating Income Expenses": -1600000.0,
        "Net Non Operating Interest Income Expense": -4900000.0,
        "Interest Expense Non Operating": 4900000.0,
        "Operating Income": 87300000.0,
        "Operating Expense": 93800000.0,
        "Other Operating Expenses": NaN,
        "Depreciation Amortization Depletion Income Statement": 10000000.0,
        "Depreciation And Amortization In Income Statement": 10000000.0,
        "Selling General And Administration": 83800000.0,
        "Selling And Marketing Expense": 25200000.0,
        "General And Administrative Expense": 58600000.0,
        "Other Gand A": 58600000.0,
        "Gross Profit": 181100000.0,
        "Cost Of Revenue": 229200000.0,
        "Total Revenue": 410300000.0,
        "Operating Revenue": 410300000.0
    },
    "2022-03-31": {
        "Diluted EPS": 0.77,
        "Total Revenue": 333,
        "Gross Profit": 153,
        "Operating Income": 92,
        "EBIT": 118,
        "Net Income": 66
    },
    "2021-12-31": {
        "Diluted EPS": 0.72,
        "Total Revenue": 310,
        "Gross Profit": 139,
        "Operating Income": 81,
        "EBIT": 98,
        "Net Income": 61
    },
    "2021-09-30": {
        "Diluted EPS": 0.52,
        "Total Revenue": 256,
        "Gross Profit": 117,
        "Operating Income": 64,
        "EBIT": 83,
        "Net Income": 43
    },
    "2021-06-30": {
        "Diluted EPS": 0.34,
        "Total Revenue": 266,
        "Gross Profit": 110,
        "Operating Income": 46,
        "EBIT": 74,
        "Net Income": 29
    },
    "2021-03-31": {
        "Diluted EPS": 0.51,
        "Total Revenue": 264,
        "Gross Profit": 121,
        "Operating Income": 65,
        "EBIT": 88,
        "Net Income": 44
    },
    "2020-12-31": {
        "Diluted EPS": 0.16,
        "Total Revenue": 238,
        "Gross Profit": 90,
        "Operating Income": 36,
        "EBIT": 64,
        "Net Income": 14
    },
    "2020-09-30": {
        "Diluted EPS": 0.57,
        "Total Revenue": 222,
        "Gross Profit": 114,
        "Operating Income": 63,
        "EBIT": 83,
        "Net Income": 48
    },
    "2020-06-30": {
        "Diluted EPS": 0.52,
        "Total Revenue": 223,
        "Gross Profit": 106,
        "Operating Income": 56,
        "EBIT": 76,
        "Net Income": 44
    },
    "2020-03-31": {
        "Diluted EPS": 0.31,
        "Total Revenue": 291,
        "Gross Profit": 116,
        "Operating Income": 53,
        "EBIT": 79,
        "Net Income": 26
    },
    "2019-12-31": {
        "Diluted EPS": 0.79,
        "Total Revenue": 323,
        "Gross Profit": 151,
        "Operating Income": 100,
        "EBIT": 123,
        "Net Income": 69
    },
    "2019-09-30": {
        "Diluted EPS": 0.06,
        "Total Revenue": 186,
        "Gross Profit": 53,
        "Operating Income": 6,
        "EBIT": 34,
        "Net Income": 6
    },
    "2019-06-30": {
        "Diluted EPS": 0.11,
        "Total Revenue": 269,
        "Gross Profit": 71,
        "Operating Income": 17,
        "EBIT": 34,
        "Net Income": 10
    },
    "2019-03-31": {
        "Diluted EPS": -0.11,
        "Total Revenue": 182,
        "Gross Profit": 47,
        "Operating Income": -7,
        "EBIT": 14,
        "Net Income": -8
    },
    "2018-12-31": {
        "Diluted EPS": 0.46,
        "Total Revenue": 273,
        "Gross Profit": 103,
        "Operating Income": 53,
        "EBIT": 75,
        "Net Income": 41
    },
    "2018-09-30": {
        "Diluted EPS": 0.37,
        "Total Revenue": 188,
        "Gross Profit": 68,
        "Operating Income": 18,
        "EBIT": 37,
        "Net Income": 34
    },
    "2018-06-30": {
        "Diluted EPS": 0.11,
        "Total Revenue": 282,
        "Gross Profit": 83,
        "Operating Income": 21,
        "EBIT": 42,
        "Net Income": 10
    },
    "2018-03-31": {
        "Diluted EPS": 0.18,
        "Total Revenue": 188,
        "Gross Profit": 68,
        "Operating Income": 22,
        "EBIT": 37,
        "Net Income": 15
    },
    "2017-12-31": {
        "Diluted EPS": 0.07,
        "Total Revenue": 212,
        "Gross Profit": 74,
        "Operating Income": 27,
        "EBIT": 52,
        "Net Income": 5
    },
    "2017-09-30": {
        "Diluted EPS": 0.28,
        "Total Revenue": 186,
        "Gross Profit": 75,
        "Operating Income": 34,
        "EBIT": 49,
        "Net Income": 22
    },
    "2017-06-30": {
        "Diluted EPS": 0.06,
        "Total Revenue": 215,
        "Gross Profit": 57,
        "Operating Income": 11,
        "EBIT": 29,
        "Net Income": 5
    },
    "2017-03-31": {
        "Diluted EPS": 0.01,
        "Total Revenue": 188,
        "Gross Profit": 57,
        "Operating Income": 4,
        "EBIT": 22,
        "Net Income": 1
    },
    "2016-12-31": {
        "Diluted EPS": 0.11,
        "Total Revenue": 195,
        "Gross Profit": 4,
        "Operating Income": 14,
        "EBIT": 33,
        "Net Income": 8
    },
    "2016-09-30": {
        "Diluted EPS": 0.14,
        "Total Revenue": 164,
        "Gross Profit": 77,
        "Operating Income": 18,
        "EBIT": 30,
        "Net Income": 11
    },
    "2016-06-30": {
        "Diluted EPS": 0.01,
        "Total Revenue": 199,
        "Gross Profit": 67,
        "Operating Income": 2,
        "EBIT": 20,
        "Net Income": 1
    },
    "2016-03-31": {
        "Diluted EPS": 0.18,
        "Total Revenue": 171,
        "Gross Profit": 78,
        "Operating Income": 22,
        "EBIT": 39,
        "Net Income": 14
    },
    "2015-12-31": {
        "Diluted EPS": -0.02,
        "Total Revenue": 166,
        "Gross Profit": 64,
        "Operating Income": -2,
        "EBIT": 11,
        "Net Income": -1
    },
    "2015-09-30": {
        "Diluted EPS": 0.14,
        "Total Revenue": 166,
        "Gross Profit": 68,
        "Operating Income": 18,
        "EBIT": 43,
        "Net Income": 10
    },
    "2015-06-30": {
        "Diluted EPS": 0.07,
        "Total Revenue": 150,
        "Gross Profit": 63,
        "Operating Income": 7,
        "EBIT": 18,
        "Net Income": 5
    },
    "2015-03-31": {
        "Diluted EPS": 0.13,
        "Total Revenue": 176,
        "Gross Profit": 66,
        "Operating Income": 15,
        "EBIT": 30,
        "Net Income": 10
    },
    "2014-12-31": {
        "Diluted EPS": -0.02,
        "Total Revenue": 141,
        "Gross Profit": 48,
        "Operating Income": -2,
        "EBIT": 14,
        "Net Income": -2
    },
    "2014-09-30": {
        "Diluted EPS": -0.08,
        "Total Revenue": 120,
        "Gross Profit": 42,
        "Operating Income": -5,
        "EBIT": 10,
        "Net Income": -6
    },
    "2014-06-30": {
        "Diluted EPS": -0.19,
        "Total Revenue": 156,
        "Gross Profit": 35,
        "Operating Income": -23,
        "EBIT": -1,
        "Net Income": -14
    },
    "2014-03-31": {
        "Diluted EPS": -0.11,
        "Total Revenue": 126,
        "Gross Profit": 41,
        "Operating Income": -12,
        "EBIT": -2,
        "Net Income": -8
    },
    "2013-12-31": {
        "Diluted EPS": -0.1,
        "Total Revenue": 118,
        "Gross Profit": 38,
        "Operating Income": -12,
        "EBIT": 2,
        "Net Income": -8
    },
    "2013-09-30": {
        "Diluted EPS": 0.03,
        "Total Revenue": 113,
        "Gross Profit": 42,
        "Operating Income": 3,
        "EBIT": 22,
        "Net Income": 2
    },
    "2013-06-30": {
        "Diluted EPS": 0.07,
        "Total Revenue": 152,
        "Gross Profit": 55,
        "Operating Income": 9,
        "EBIT": 17,
        "Net Income": 5
    },
    "2013-03-31": {
        "Diluted EPS": 0.04,
        "Total Revenue": 124,
        "Gross Profit": 49,
        "Operating Income": 6,
        "EBIT": 18,
        "Net Income": 3
    },
    "2012-12-31": {
        "Diluted EPS": 0.01,
        "Total Revenue": 115,
        "Gross Profit": 46,
        "Operating Income": 3,
        "EBIT": 10,
        "Net Income": 1
    },
    "2012-09-30": {
        "Diluted EPS": 0.05,
        "Total Revenue": 104,
        "Gross Profit": 43,
        "Operating Income": 5,
        "EBIT": 13,
        "Net Income": 4
    },
    "2012-06-30": {
        "Diluted EPS": 0.16,
        "Total Revenue": 142,
        "Gross Profit": 56,
        "Operating Income": 20,
        "EBIT": 26,
        "Net Income": 12
    },
    "2012-03-31": {
        "Diluted EPS": 0.2,
        "Total Revenue": 123,
        "Gross Profit": 55,
        "Operating Income": 16,
        "EBIT": 25,
        "Net Income": 15
    },
    "2011-12-31": {
        "Diluted EPS": -0.11,
        "Total Revenue": 113,
        "Gross Profit": 24,
        "Operating Income": -13,
        "EBIT": 8,
        "Net Income": -9
    },
    "2011-09-30": {
        "Diluted EPS": 0.14,
        "Total Revenue": 109,
        "Gross Profit": 44,
        "Operating Income": 16,
        "EBIT": 28,
        "Net Income": 11
    },
    "2011-06-30": {
        "Diluted EPS": 0.19,
        "Total Revenue": 143,
        "Gross Profit": 54,
        "Operating Income": 21,
        "EBIT": 32,
        "Net Income": 14
    },
    "2011-03-31": {
        "Diluted EPS": 0.11,
        "Total Revenue": 120,
        "Gross Profit": 47,
        "Operating Income": 13,
        "EBIT": 27,
        "Net Income": 9
    },
    "2010-12-31": {
        "Diluted EPS": 0.11,
        "Total Revenue": 123,
        "Gross Profit": 47,
        "Operating Income": 14,
        "EBIT": 24,
        "Net Income": 8
    },
    "2010-09-30": {
        "Diluted EPS": 0.19,
        "Total Revenue": 110,
        "Gross Profit": 48,
        "Operating Income": 20,
        "EBIT": 28,
        "Net Income": 14
    },
    "2010-06-30": {
        "Diluted EPS": 0.08,
        "Total Revenue": 107,
        "Gross Profit": 44,
        "Operating Income": 10,
        "EBIT": 15,
        "Net Income": 6
    },
    "2010-03-31": {
        "Diluted EPS": 0.33,
        "Total Revenue": 139,
        "Gross Profit": 65,
        "Operating Income": 37,
        "EBIT": 41,
        "Net Income": 25
    },
    "2009-12-31": {
        "Diluted EPS": 0.15,
        "Total Revenue": 117,
        "Gross Profit": 54,
        "Operating Income": 18,
        "EBIT": 22,
        "Net Income": 11
    },
    "2009-09-30": {
        "Diluted EPS": 0.12,
        "Total Revenue": 111,
        "Gross Profit": 51,
        "Operating Income": 14,
        "EBIT": 19,
        "Net Income": 9
    },
    "2009-06-30": {
        "Diluted EPS": 0.27,
        "Total Revenue": 139,
        "Gross Profit": 63,
        "Operating Income": 28,
        "EBIT": 33,
        "Net Income": 20
    },
    "2009-03-31": {
        "Diluted EPS": 0.14,
        "Total Revenue": 108,
        "Gross Profit": 51,
        "Operating Income": 17,
        "EBIT": 22,
        "Net Income": 10
    }
}