{
    "2023-03-31": {
        "Tax Effect Of Unusual Items": 7296300.0,
        "Tax Rate For Calcs": 0.363,
        "Normalized EBITDA": 32500000.0,
        "Total Unusual Items": 20100000.0,
        "Total Unusual Items Excluding Goodwill": 20100000.0,
        "Net Income From Continuing Operation Net Minority Interest": 19000000.0,
        "Reconciled Depreciation": 8500000.0,
        "Reconciled Cost Of Revenue": 363100000.0,
        "EBITDA": 52600000.0,
        "EBIT": 44100000.0,
        "Net Interest Income": -15800000.0,
        "Interest Expense": 15800000.0,
        "Normalized Income": 6196300.0,
        "Net Income From Continuing And Discontinued Operation": 19000000.0,
        "Total Expenses": 574200000.0,
        "Total Operating Income As Reported": 45300000.0,
        "Diluted Average Shares": 79200000.0,
        "Basic Average Shares": 79200000.0,
        "Diluted EPS": 0.23,
        "Basic EPS": 0.23,
        "Diluted NI Availto Com Stockholders": 18600000.0,
        "Net Income Common Stockholders": 18600000.0,
        "Otherunder Preferred Stock Dividend": 400000.0,
        "Net Income": 19000000.0,
        "Minority Interests": 1000000.0,
        "Net Income Including Noncontrolling Interests": 18000000.0,
        "Net Income Continuous Operations": 18000000.0,
        "Tax Provision": 10300000.0,
        "Pretax Income": 28300000.0,
        "Other Income Expense": 18900000.0,
        "Other Non Operating Income Expenses": -1200000.0,
        "Special Income Charges": 20100000.0,
        "Gain On Sale Of Business": 20100000.0,
        "Impairment Of Capital Assets": NaN,
        "Net Non Operating Interest Income Expense": -15800000.0,
        "Interest Expense Non Operating": 15800000.0,
        "Operating Income": 25200000.0,
        "Operating Expense": 211100000.0,
        "Other Operating Expenses": -900000.0,
        "Selling General And Administration": 212000000.0,
        "Gross Profit": 236300000.0,
        "Cost Of Revenue": 363100000.0,
        "Total Revenue": 599400000.0,
        "Operating Revenue": 599400000.0
    },
    "2022-12-31": {
        "Tax Effect Of Unusual Items": -96565664.590938,
        "Tax Rate For Calcs": 0.225252,
        "Normalized EBITDA": -11600000.0,
        "Total Unusual Items": -428700000.0,
        "Total Unusual Items Excluding Goodwill": -428700000.0,
        "Net Income From Continuing Operation Net Minority Interest": -361600000.0,
        "Reconciled Depreciation": 9400000.0,
        "Reconciled Cost Of Revenue": 440800000.0,
        "EBITDA": -440300000.0,
        "EBIT": -449700000.0,
        "Net Interest Income": -16000000.0,
        "Interest Expense": 16000000.0,
        "Normalized Income": -29465664.590938,
        "Net Income From Continuing And Discontinued Operation": -361600000.0,
        "Total Expenses": 691000000.0,
        "Total Operating Income As Reported": -454700000.0,
        "Diluted Average Shares": 78800000.0,
        "Basic Average Shares": 78788874.0,
        "Diluted EPS": -4.59,
        "Basic EPS": -4.58948,
        "Diluted NI Availto Com Stockholders": -358800000.0,
        "Net Income Common Stockholders": -358800000.0,
        "Otherunder Preferred Stock Dividend": -2800000.0,
        "Net Income": -361600000.0,
        "Minority Interests": -800000.0,
        "Net Income Including Noncontrolling Interests": -360800000.0,
        "Net Income Continuous Operations": -360800000.0,
        "Tax Provision": -104900000.0,
        "Pretax Income": -465700000.0,
        "Other Income Expense": -423700000.0,
        "Other Non Operating Income Expenses": 5000000.0,
        "Special Income Charges": -428700000.0,
        "Gain On Sale Of Ppe": 0.0,
        "Gain On Sale Of Business": NaN,
        "Impairment Of Capital Assets": NaN,
        "Net Non Operating Interest Income Expense": -16000000.0,
        "Interest Expense Non Operating": 16000000.0,
        "Operating Income": -26000000.0,
        "Operating Expense": 250200000.0,
        "Other Operating Expenses": 1100000.0,
        "Selling General And Administration": 249100000.0,
        "Gross Profit": 224200000.0,
        "Cost Of Revenue": 440800000.0,
        "Total Revenue": 665000000.0,
        "Operating Revenue": 665000000.0
    },
    "2022-09-30": {
        "Tax Effect Of Unusual Items": 0.0,
        "Tax Rate For Calcs": 0.109,
        "Normalized EBITDA": 64500000.0,
        "Total Unusual Items": 0.0,
        "Total Unusual Items Excluding Goodwill": 0.0,
        "Net Income From Continuing Operation Net Minority Interest": 39000000.0,
        "Reconciled Depreciation": 8400000.0,
        "Reconciled Cost Of Revenue": 413600000.0,
        "EBITDA": 64500000.0,
        "EBIT": 56100000.0,
        "Net Interest Income": -12500000.0,
        "Interest Expense": 12500000.0,
        "Normalized Income": 39000000.0,
        "Net Income From Continuing And Discontinued Operation": 39000000.0,
        "Total Expenses": 632600000.0,
        "Total Operating Income As Reported": 58800000.0,
        "Diluted Average Shares": 78900000.0,
        "Basic Average Shares": 78700000.0,
        "Diluted EPS": 0.48,
        "Basic EPS": 0.49,
        "Diluted NI Availto Com Stockholders": 38200000.0,
        "Average Dilution Earnings": -800000.0,
        "Net Income Common Stockholders": 39000000.0,
        "Otherunder Preferred Stock Dividend": 800000.0,
        "Net Income": 39000000.0,
        "Minority Interests": 200000.0,
        "Net Income Including Noncontrolling Interests": 38800000.0,
        "Net Income Continuous Operations": 38800000.0,
        "Tax Provision": 4800000.0,
        "Pretax Income": 43600000.0,
        "Other Income Expense": -2700000.0,
        "Other Non Operating Income Expenses": -2700000.0,
        "Special Income Charges": 0.0,
        "Gain On Sale Of Ppe": 0.0,
        "Gain On Sale Of Business": NaN,
        "Impairment Of Capital Assets": NaN,
        "Net Non Operating Interest Income Expense": -12500000.0,
        "Interest Expense Non Operating": 12500000.0,
        "Operating Income": 58800000.0,
        "Operating Expense": 219000000.0,
        "Other Operating Expenses": 2200000.0,
        "Selling General And Administration": 216800000.0,
        "Gross Profit": 277800000.0,
        "Cost Of Revenue": 413600000.0,
        "Total Revenue": 691400000.0,
        "Operating Revenue": 691400000.0
    },
    "2022-06-30": {
        "Tax Effect Of Unusual Items": 18720000.0,
        "Tax Rate For Calcs": 0.208,
        "Normalized EBITDA": 77300000.0,
        "Total Unusual Items": 90000000.0,
        "Total Unusual Items Excluding Goodwill": 90000000.0,
        "Net Income From Continuing Operation Net Minority Interest": 124600000.0,
        "Reconciled Depreciation": 8300000.0,
        "Reconciled Cost Of Revenue": 406500000.0,
        "EBITDA": 167300000.0,
        "EBIT": 167300000.0,
        "Net Interest Income": -10100000.0,
        "Interest Expense": 10100000.0,
        "Normalized Income": 53320000.0,
        "Net Income From Continuing And Discontinued Operation": 124600000.0,
        "Total Expenses": 635700000.0,
        "Total Operating Income As Reported": 167900000.0,
        "Diluted Average Shares": 79900000.0,
        "Basic Average Shares": 79700000.0,
        "Diluted EPS": 1.53,
        "Basic EPS": 1.53,
        "Diluted NI Availto Com Stockholders": 122100000.0,
        "Average Dilution Earnings": -2500000.0,
        "Net Income Common Stockholders": 124600000.0,
        "Otherunder Preferred Stock Dividend": 2500000.0,
        "Net Income": 124600000.0,
        "Minority Interests": 100000.0,
        "Net Income Including Noncontrolling Interests": 124500000.0,
        "Net Income Continuous Operations": 124500000.0,
        "Tax Provision": 32700000.0,
        "Pretax Income": 157200000.0,
        "Other Income Expense": 89400000.0,
        "Other Non Operating Income Expenses": -600000.0,
        "Special Income Charges": 90000000.0,
        "Gain On Sale Of Ppe": 90000000.0,
        "Gain On Sale Of Business": NaN,
        "Impairment Of Capital Assets": NaN,
        "Net Non Operating Interest Income Expense": -10100000.0,
        "Interest Expense Non Operating": 10100000.0,
        "Operating Income": 77900000.0,
        "Operating Expense": 229200000.0,
        "Other Operating Expenses": NaN,
        "Selling General And Administration": 229200000.0,
        "Gross Profit": 307100000.0,
        "Cost Of Revenue": 406500000.0,
        "Total Revenue": 713600000.0,
        "Operating Revenue": 713600000.0
    },
    "2022-03-31": {
        "Diluted EPS": 0.12,
        "Total Revenue": 615,
        "Gross Profit": 261,
        "Operating Income": 20,
        "EBIT": 28,
        "Net Income": 10
    },
    "2021-12-31": {
        "Diluted EPS": -0.17,
        "Total Revenue": 636,
        "Gross Profit": 262,
        "Operating Income": -9,
        "EBIT": 1,
        "Net Income": -15
    },
    "2021-09-30": {
        "Diluted EPS": 0.0,
        "Total Revenue": 637,
        "Gross Profit": 275,
        "Operating Income": 43,
        "EBIT": 51,
        "Net Income": NaN
    },
    "2021-06-30": {
        "Diluted EPS": 0.53,
        "Total Revenue": 632,
        "Gross Profit": 270,
        "Operating Income": 64,
        "EBIT": 71,
        "Net Income": 45
    },
    "2021-03-31": {
        "Diluted EPS": 0.45,
        "Total Revenue": 511,
        "Gross Profit": 222,
        "Operating Income": 58,
        "EBIT": 65,
        "Net Income": 39
    },
    "2020-12-31": {
        "Diluted EPS": -2.11,
        "Total Revenue": 510,
        "Gross Profit": 205,
        "Operating Income": -204,
        "EBIT": -195,
        "Net Income": -171
    },
    "2020-09-30": {
        "Diluted EPS": 0.27,
        "Total Revenue": 493,
        "Gross Profit": 202,
        "Operating Income": 43,
        "EBIT": 51,
        "Net Income": 22
    },
    "2020-06-30": {
        "Diluted EPS": -0.02,
        "Total Revenue": 349,
        "Gross Profit": 147,
        "Operating Income": 8,
        "EBIT": 15,
        "Net Income": -2
    },
    "2020-03-31": {
        "Diluted EPS": 0.16,
        "Total Revenue": 439,
        "Gross Profit": 182,
        "Operating Income": 17,
        "EBIT": 25,
        "Net Income": 13
    },
    "2019-12-31": {
        "Diluted EPS": -0.01,
        "Total Revenue": 607,
        "Gross Profit": 230,
        "Operating Income": -5,
        "EBIT": 4,
        "Net Income": -1
    },
    "2019-09-30": {
        "Diluted EPS": 0.57,
        "Total Revenue": 574,
        "Gross Profit": 243,
        "Operating Income": 68,
        "EBIT": 77,
        "Net Income": 49
    },
    "2019-06-30": {
        "Diluted EPS": 0.45,
        "Total Revenue": 569,
        "Gross Profit": 230,
        "Operating Income": 56,
        "EBIT": 63,
        "Net Income": 40
    },
    "2019-03-31": {
        "Diluted EPS": 0.43,
        "Total Revenue": 523,
        "Gross Profit": 220,
        "Operating Income": 52,
        "EBIT": 60,
        "Net Income": 41
    },
    "2018-12-31": {
        "Diluted EPS": 0.4,
        "Total Revenue": 580,
        "Gross Profit": 227,
        "Operating Income": 54,
        "EBIT": 63,
        "Net Income": 39
    },
    "2018-09-30": {
        "Diluted EPS": 0.6,
        "Total Revenue": 559,
        "Gross Profit": 232,
        "Operating Income": 68,
        "EBIT": 76,
        "Net Income": 59
    },
    "2018-06-30": {
        "Diluted EPS": 0.57,
        "Total Revenue": 567,
        "Gross Profit": 234,
        "Operating Income": 68,
        "EBIT": 75,
        "Net Income": 55
    },
    "2018-03-31": {
        "Diluted EPS": 0.48,
        "Total Revenue": 534,
        "Gross Profit": 228,
        "Operating Income": 62,
        "EBIT": 69,
        "Net Income": 47
    },
    "2017-12-31": {
        "Diluted EPS": -0.62,
        "Total Revenue": 579,
        "Gross Profit": 222,
        "Operating Income": -71,
        "EBIT": -62,
        "Net Income": -60
    },
    "2017-09-30": {
        "Diluted EPS": 0.24,
        "Total Revenue": 581,
        "Gross Profit": 231,
        "Operating Income": 37,
        "EBIT": 47,
        "Net Income": 23
    },
    "2017-06-30": {
        "Diluted EPS": 0.21,
        "Total Revenue": 599,
        "Gross Profit": 227,
        "Operating Income": 31,
        "EBIT": 40,
        "Net Income": 21
    },
    "2017-03-31": {
        "Diluted EPS": 0.17,
        "Total Revenue": 591,
        "Gross Profit": 235,
        "Operating Income": 35,
        "EBIT": 44,
        "Net Income": 17
    },
    "2016-12-31": {
        "Diluted EPS": -0.02,
        "Total Revenue": 730,
        "Gross Profit": 267,
        "Operating Income": 19,
        "EBIT": 33,
        "Net Income": -2
    },
    "2016-09-30": {
        "Diluted EPS": 0.49,
        "Total Revenue": 604,
        "Gross Profit": 237,
        "Operating Income": 69,
        "EBIT": 79,
        "Net Income": 48
    },
    "2016-06-30": {
        "Diluted EPS": 0.24,
        "Total Revenue": 584,
        "Gross Profit": 227,
        "Operating Income": 42,
        "EBIT": 52,
        "Net Income": 24
    },
    "2016-03-31": {
        "Diluted EPS": 0.18,
        "Total Revenue": 578,
        "Gross Profit": 229,
        "Operating Income": 34,
        "EBIT": 44,
        "Net Income": 17
    },
    "2015-12-31": {
        "Diluted EPS": 0.13,
        "Total Revenue": 751,
        "Gross Profit": 272,
        "Operating Income": 14,
        "EBIT": 30,
        "Net Income": 12
    },
    "2015-09-30": {
        "Diluted EPS": 0.44,
        "Total Revenue": 679,
        "Gross Profit": 272,
        "Operating Income": 76,
        "EBIT": 87,
        "Net Income": 46
    },
    "2015-06-30": {
        "Diluted EPS": 0.24,
        "Total Revenue": 630,
        "Gross Profit": 246,
        "Operating Income": 48,
        "EBIT": 58,
        "Net Income": 25
    },
    "2015-03-31": {
        "Diluted EPS": 0.39,
        "Total Revenue": 631,
        "Gross Profit": 261,
        "Operating Income": 64,
        "EBIT": 75,
        "Net Income": 40
    },
    "2014-12-31": {
        "Diluted EPS": 0.1,
        "Total Revenue": 809,
        "Gross Profit": 300,
        "Operating Income": 30,
        "EBIT": 46,
        "Net Income": 12
    },
    "2014-09-30": {
        "Diluted EPS": 0.57,
        "Total Revenue": 711,
        "Gross Profit": 285,
        "Operating Income": 88,
        "EBIT": 100,
        "Net Income": 57
    },
    "2014-06-30": {
        "Diluted EPS": 0.27,
        "Total Revenue": 614,
        "Gross Profit": 246,
        "Operating Income": 49,
        "EBIT": 61,
        "Net Income": 28
    },
    "2014-03-31": {
        "Diluted EPS": 0.36,
        "Total Revenue": 628,
        "Gross Profit": 256,
        "Operating Income": 64,
        "EBIT": 76,
        "Net Income": 37
    },
    "2013-12-31": {
        "Diluted EPS": -0.03,
        "Total Revenue": 741,
        "Gross Profit": 275,
        "Operating Income": 18,
        "EBIT": 37,
        "Net Income": -1
    },
    "2013-09-30": {
        "Diluted EPS": 0.54,
        "Total Revenue": 717,
        "Gross Profit": 286,
        "Operating Income": 86,
        "EBIT": 98,
        "Net Income": 54
    },
    "2013-06-30": {
        "Diluted EPS": 0.18,
        "Total Revenue": 588,
        "Gross Profit": 241,
        "Operating Income": 37,
        "EBIT": 48,
        "Net Income": 18
    },
    "2013-03-31": {
        "Diluted EPS": 0.3,
        "Total Revenue": 646,
        "Gross Profit": 262,
        "Operating Income": 51,
        "EBIT": 65,
        "Net Income": 29
    },
    "2012-12-31": {
        "Diluted EPS": 0.12,
        "Total Revenue": 652,
        "Gross Profit": 239,
        "Operating Income": 8,
        "EBIT": 24,
        "Net Income": -3
    },
    "2012-09-30": {
        "Diluted EPS": 0.17,
        "Total Revenue": 353,
        "Gross Profit": 139,
        "Operating Income": 46,
        "EBIT": 50,
        "Net Income": 33
    },
    "2012-06-30": {
        "Diluted EPS": 0.21,
        "Total Revenue": 313,
        "Gross Profit": 118,
        "Operating Income": 23,
        "EBIT": 27,
        "Net Income": 20
    },
    "2012-03-31": {
        "Diluted EPS": 0.32,
        "Total Revenue": 323,
        "Gross Profit": 132,
        "Operating Income": 37,
        "EBIT": 41,
        "Net Income": 31
    },
    "2011-12-31": {
        "Diluted EPS": 0.23,
        "Total Revenue": 406,
        "Gross Profit": 150,
        "Operating Income": 31,
        "EBIT": 35,
        "Net Income": 24
    },
    "2011-09-30": {
        "Diluted EPS": 0.41,
        "Total Revenue": 362,
        "Gross Profit": 147,
        "Operating Income": 56,
        "EBIT": 60,
        "Net Income": 40
    },
    "2011-06-30": {
        "Diluted EPS": 0.24,
        "Total Revenue": 310,
        "Gross Profit": 122,
        "Operating Income": 33,
        "EBIT": 37,
        "Net Income": 24
    },
    "2011-03-31": {
        "Diluted EPS": 0.36,
        "Total Revenue": 331,
        "Gross Profit": 138,
        "Operating Income": 49,
        "EBIT": 53,
        "Net Income": 35
    },
    "2010-12-31": {
        "Diluted EPS": 0.26,
        "Total Revenue": 385,
        "Gross Profit": 143,
        "Operating Income": 31,
        "EBIT": 35,
        "Net Income": 27
    },
    "2010-09-30": {
        "Diluted EPS": 0.35,
        "Total Revenue": 320,
        "Gross Profit": 129,
        "Operating Income": 48,
        "EBIT": 52,
        "Net Income": 34
    },
    "2010-06-30": {
        "Diluted EPS": 0.18,
        "Total Revenue": 258,
        "Gross Profit": 104,
        "Operating Income": 25,
        "EBIT": 29,
        "Net Income": 17
    },
    "2010-03-31": {
        "Diluted EPS": 0.27,
        "Total Revenue": 285,
        "Gross Profit": 118,
        "Operating Income": 39,
        "EBIT": 42,
        "Net Income": 27
    },
    "2009-12-31": {
        "Diluted EPS": 0.17,
        "Total Revenue": 313,
        "Gross Profit": 123,
        "Operating Income": 22,
        "EBIT": 26,
        "Net Income": 16
    },
    "2009-09-30": {
        "Diluted EPS": 0.27,
        "Total Revenue": 287,
        "Gross Profit": 114,
        "Operating Income": 36,
        "EBIT": 42,
        "Net Income": 26
    },
    "2009-06-30": {
        "Diluted EPS": 0.08,
        "Total Revenue": 246,
        "Gross Profit": 92,
        "Operating Income": 12,
        "EBIT": 15,
        "Net Income": 8
    },
    "2009-03-31": {
        "Diluted EPS": 0.11,
        "Total Revenue": 255,
        "Gross Profit": 103,
        "Operating Income": 15,
        "EBIT": 20,
        "Net Income": 10
    },
    "2023-06-30": {
        "Tax Effect Of Unusual Items": -3088800.0,
        "Tax Rate For Calcs": 0.198,
        "Normalized EBITDA": 70700000.0,
        "Total Unusual Items": -15600000.0,
        "Total Unusual Items Excluding Goodwill": -15600000.0,
        "Net Income From Continuing Operation Net Minority Interest": 24000000.0,
        "Reconciled Depreciation": 8600000.0,
        "Reconciled Cost Of Revenue": 361300000.0,
        "EBITDA": 55100000.0,
        "EBIT": 46500000.0,
        "Net Interest Income": -16100000.0,
        "Interest Expense": 16100000.0,
        "Normalized Income": 36511200.0,
        "Net Income From Continuing And Discontinued Operation": 24000000.0,
        "Total Expenses": 527400000.0,
        "Total Operating Income As Reported": 46100000.0,
        "Diluted Average Shares": 79500000.0,
        "Basic Average Shares": 79500000.0,
        "Diluted EPS": 0.3,
        "Basic EPS": 0.3,
        "Diluted NI Availto Com Stockholders": 23500000.0,
        "Net Income Common Stockholders": 23500000.0,
        "Otherunder Preferred Stock Dividend": 500000.0,
        "Net Income": 24000000.0,
        "Minority Interests": -400000.0,
        "Net Income Including Noncontrolling Interests": 24400000.0,
        "Net Income Continuous Operations": 24400000.0,
        "Tax Provision": 6000000.0,
        "Pretax Income": 30400000.0,
        "Other Income Expense": -15200000.0,
        "Other Non Operating Income Expenses": 400000.0,
        "Special Income Charges": -15600000.0,
        "Gain On Sale Of Business": 0.0,
        "Impairment Of Capital Assets": 15600000.0,
        "Net Non Operating Interest Income Expense": -16100000.0,
        "Interest Expense Non Operating": 16100000.0,
        "Operating Income": 61700000.0,
        "Operating Expense": 166100000.0,
        "Other Operating Expenses": -29400000.0,
        "Selling General And Administration": 195500000.0,
        "Gross Profit": 227800000.0,
        "Cost Of Revenue": 361300000.0,
        "Total Revenue": 589100000.0,
        "Operating Revenue": 576000000.0
    },
    "2023-09-30": {
        "Tax Effect Of Unusual Items": 805000.0,
        "Tax Rate For Calcs": 0.046,
        "Normalized EBITDA": 16600000.0,
        "Total Unusual Items": 17500000.0,
        "Total Unusual Items Excluding Goodwill": 17500000.0,
        "Net Income From Continuing Operation Net Minority Interest": 8600000.0,
        "Reconciled Depreciation": 9200000.0,
        "Reconciled Cost Of Revenue": 312300000.0,
        "EBITDA": 34100000.0,
        "EBIT": 24900000.0,
        "Net Interest Income": -15500000.0,
        "Interest Expense": 15500000.0,
        "Normalized Income": -8095000.0,
        "Net Income From Continuing And Discontinued Operation": 8600000.0,
        "Total Expenses": 517900000.0,
        "Total Operating Income As Reported": 27300000.0,
        "Diluted Average Shares": 79500000.0,
        "Basic Average Shares": 79500000.0,
        "Diluted EPS": 0.11,
        "Basic EPS": 0.11,
        "Diluted NI Availto Com Stockholders": 8400000.0,
        "Net Income Common Stockholders": 8400000.0,
        "Otherunder Preferred Stock Dividend": 200000.0,
        "Net Income": 8600000.0,
        "Minority Interests": -400000.0,
        "Net Income Including Noncontrolling Interests": 9000000.0,
        "Net Income Continuous Operations": 9000000.0,
        "Tax Provision": 400000.0,
        "Pretax Income": 9400000.0,
        "Other Income Expense": 15100000.0,
        "Other Non Operating Income Expenses": -2400000.0,
        "Special Income Charges": 17500000.0,
        "Gain On Sale Of Business": 57700000.0,
        "Impairment Of Capital Assets": 40200000.0,
        "Net Non Operating Interest Income Expense": -15500000.0,
        "Interest Expense Non Operating": 15500000.0,
        "Operating Income": 9800000.0,
        "Operating Expense": 205600000.0,
        "Other Operating Expenses": 2300000.0,
        "Selling General And Administration": 203300000.0,
        "Gross Profit": 215400000.0,
        "Cost Of Revenue": 312300000.0,
        "Total Revenue": 527700000.0,
        "Operating Revenue": 514400000.0
    },
    "2023-12-31": {
        "Tax Effect Of Unusual Items": -24549000.0,
        "Tax Rate For Calcs": 0.21,
        "Normalized EBITDA": -60500000.0,
        "Total Unusual Items": -116900000.0,
        "Total Unusual Items Excluding Goodwill": -116900000.0,
        "Net Income From Continuing Operation Net Minority Interest": -91200000.0,
        "Reconciled Depreciation": 8800000.0,
        "Reconciled Cost Of Revenue": 333700000.0,
        "EBITDA": -177400000.0,
        "EBIT": -186200000.0,
        "Net Interest Income": -16100000.0,
        "Interest Expense": 16100000.0,
        "Normalized Income": 1151000.0,
        "Net Income From Continuing And Discontinued Operation": -91200000.0,
        "Total Expenses": 596700000.0,
        "Total Operating Income As Reported": -186900000.0,
        "Diluted Average Shares": 79550502.0,
        "Basic Average Shares": 79550502.0,
        "Diluted EPS": -1.15,
        "Basic EPS": -1.146442,
        "Diluted NI Availto Com Stockholders": -90700000.0,
        "Net Income Common Stockholders": -90700000.0,
        "Otherunder Preferred Stock Dividend": -500000.0,
        "Net Income": -91200000.0,
        "Minority Interests": -600000.0,
        "Net Income Including Noncontrolling Interests": -90600000.0,
        "Net Income Continuous Operations": -90600000.0,
        "Tax Provision": -111700000.0,
        "Pretax Income": -202300000.0,
        "Other Income Expense": -116200000.0,
        "Other Non Operating Income Expenses": 700000.0,
        "Special Income Charges": -116900000.0,
        "Gain On Sale Of Business": 12600000.0,
        "Impairment Of Capital Assets": 129500000.0,
        "Net Non Operating Interest Income Expense": -16100000.0,
        "Interest Expense Non Operating": 16100000.0,
        "Operating Income": -70000000.0,
        "Operating Expense": 263000000.0,
        "Other Operating Expenses": 17600000.0,
        "Selling General And Administration": 245400000.0,
        "Gross Profit": 193000000.0,
        "Cost Of Revenue": 333700000.0,
        "Total Revenue": 526700000.0,
        "Operating Revenue": 566800000.0
    }
}