{
    "2023-03-31": {
        "Tax Effect Of Unusual Items": 1842330.0,
        "Tax Rate For Calcs": 0.21,
        "Normalized EBITDA": 9194000.0,
        "Total Unusual Items": 8773000.0,
        "Total Unusual Items Excluding Goodwill": 8773000.0,
        "Net Income From Continuing Operation Net Minority Interest": -45436000.0,
        "Reconciled Depreciation": 16560000.0,
        "Reconciled Cost Of Revenue": 216467000.0,
        "EBITDA": 17967000.0,
        "EBIT": 1407000.0,
        "Net Interest Income": -44180000.0,
        "Interest Expense": 44180000.0,
        "Normalized Income": -52366670.0,
        "Net Income From Continuing And Discontinued Operation": -45436000.0,
        "Total Expenses": 280520000.0,
        "Total Operating Income As Reported": -6900000.0,
        "Diluted Average Shares": 4814151.0,
        "Basic Average Shares": 4814151.0,
        "Diluted EPS": -10.0,
        "Basic EPS": -10.0,
        "Diluted NI Availto Com Stockholders": -47543000.0,
        "Net Income Common Stockholders": -47543000.0,
        "Preferred Stock Dividends": 2107000.0,
        "Net Income": -45436000.0,
        "Net Income Including Noncontrolling Interests": -45436000.0,
        "Net Income Continuous Operations": -45436000.0,
        "Tax Provision": 2663000.0,
        "Pretax Income": -42773000.0,
        "Other Income Expense": 8307000.0,
        "Other Non Operating Income Expenses": -466000.0,
        "Special Income Charges": 8773000.0,
        "Other Special Charges": -8773000.0,
        "Impairment Of Capital Assets": NaN,
        "Net Non Operating Interest Income Expense": -44180000.0,
        "Interest Expense Non Operating": 44180000.0,
        "Operating Income": -6900000.0,
        "Operating Expense": 64053000.0,
        "Other Operating Expenses": 3112000.0,
        "Depreciation Amortization Depletion Income Statement": 16560000.0,
        "Depreciation And Amortization In Income Statement": 16560000.0,
        "Selling General And Administration": 44381000.0,
        "Gross Profit": 57153000.0,
        "Cost Of Revenue": 216467000.0,
        "Total Revenue": 273620000.0,
        "Operating Revenue": 273620000.0
    },
    "2022-12-31": {
        "Tax Effect Of Unusual Items": -1103264.48131,
        "Tax Rate For Calcs": 0.007779,
        "Normalized EBITDA": 5999000.0,
        "Total Unusual Items": -141834000.0,
        "Total Unusual Items Excluding Goodwill": -141834000.0,
        "Net Income From Continuing Operation Net Minority Interest": -194144000.0,
        "Reconciled Depreciation": 17889000.0,
        "Reconciled Cost Of Revenue": 218851000.0,
        "EBITDA": -135835000.0,
        "EBIT": -153724000.0,
        "Net Interest Income": -41942000.0,
        "Interest Expense": 41942000.0,
        "Normalized Income": -53413264.48131,
        "Net Income From Continuing And Discontinued Operation": -194144000.0,
        "Total Expenses": 278394000.0,
        "Total Operating Income As Reported": -153060000.0,
        "Diluted Average Shares": NaN,
        "Basic Average Shares": NaN,
        "Diluted EPS": NaN,
        "Basic EPS": NaN,
        "Diluted NI Availto Com Stockholders": -196221000.0,
        "Net Income Common Stockholders": -196221000.0,
        "Preferred Stock Dividends": 2077000.0,
        "Net Income": -194144000.0,
        "Net Income Including Noncontrolling Interests": -194144000.0,
        "Net Income Continuous Operations": -194144000.0,
        "Tax Provision": -1522000.0,
        "Pretax Income": -195666000.0,
        "Other Income Expense": -142281000.0,
        "Other Non Operating Income Expenses": -447000.0,
        "Special Income Charges": -141834000.0,
        "Other Special Charges": 217000.0,
        "Impairment Of Capital Assets": 141617000.0,
        "Net Non Operating Interest Income Expense": -41942000.0,
        "Interest Expense Non Operating": 41942000.0,
        "Operating Income": -11443000.0,
        "Operating Expense": 59543000.0,
        "Other Operating Expenses": NaN,
        "Depreciation Amortization Depletion Income Statement": 17889000.0,
        "Depreciation And Amortization In Income Statement": 17889000.0,
        "Selling General And Administration": 32731000.0,
        "Gross Profit": 48100000.0,
        "Cost Of Revenue": 218851000.0,
        "Total Revenue": 266951000.0,
        "Operating Revenue": 266951000.0
    },
    "2022-09-30": {
        "Tax Effect Of Unusual Items": -9947600.0,
        "Tax Rate For Calcs": 0.4,
        "Normalized EBITDA": 145000.0,
        "Total Unusual Items": -24869000.0,
        "Total Unusual Items Excluding Goodwill": -24869000.0,
        "Net Income From Continuing Operation Net Minority Interest": -85282000.0,
        "Reconciled Depreciation": 17737000.0,
        "Reconciled Cost Of Revenue": 217842000.0,
        "EBITDA": -24724000.0,
        "EBIT": -42461000.0,
        "Net Interest Income": -40897000.0,
        "Interest Expense": 40897000.0,
        "Normalized Income": -70360600.0,
        "Net Income From Continuing And Discontinued Operation": -85282000.0,
        "Total Expenses": 281964000.0,
        "Total Operating Income As Reported": -47491000.0,
        "Diluted Average Shares": 315725.0,
        "Basic Average Shares": 315725.0,
        "Diluted EPS": -276.0,
        "Basic EPS": -276.0,
        "Diluted NI Availto Com Stockholders": -87326000.0,
        "Net Income Common Stockholders": -87326000.0,
        "Preferred Stock Dividends": 2044000.0,
        "Net Income": -85282000.0,
        "Net Income Including Noncontrolling Interests": -85282000.0,
        "Net Income Continuous Operations": -85282000.0,
        "Tax Provision": 1924000.0,
        "Pretax Income": -83358000.0,
        "Other Income Expense": -24535000.0,
        "Other Non Operating Income Expenses": 334000.0,
        "Special Income Charges": -24869000.0,
        "Other Special Charges": -4696000.0,
        "Impairment Of Capital Assets": 29565000.0,
        "Net Non Operating Interest Income Expense": -40897000.0,
        "Interest Expense Non Operating": 40897000.0,
        "Operating Income": -17926000.0,
        "Operating Expense": 64122000.0,
        "Other Operating Expenses": 2016000.0,
        "Depreciation Amortization Depletion Income Statement": 17737000.0,
        "Depreciation And Amortization In Income Statement": 17737000.0,
        "Selling General And Administration": 46385000.0,
        "General And Administrative Expense": 46385000.0,
        "Other Gand A": 46385000.0,
        "Gross Profit": 46196000.0,
        "Cost Of Revenue": 217842000.0,
        "Total Revenue": 264038000.0,
        "Operating Revenue": 264038000.0
    },
    "2022-06-30": {
        "Tax Effect Of Unusual Items": -3246800.0,
        "Tax Rate For Calcs": 0.4,
        "Normalized EBITDA": -9522000.0,
        "Total Unusual Items": -8117000.0,
        "Total Unusual Items Excluding Goodwill": -8117000.0,
        "Net Income From Continuing Operation Net Minority Interest": -79199000.0,
        "Reconciled Depreciation": 17993000.0,
        "Reconciled Cost Of Revenue": 217277000.0,
        "EBITDA": -17639000.0,
        "EBIT": -35632000.0,
        "Net Interest Income": -42271000.0,
        "Interest Expense": 42271000.0,
        "Normalized Income": -74328800.0,
        "Net Income From Continuing And Discontinued Operation": -79199000.0,
        "Total Expenses": 287651000.0,
        "Total Operating Income As Reported": -20881000.0,
        "Diluted Average Shares": 126442.0,
        "Basic Average Shares": 126442.0,
        "Diluted EPS": -644.0,
        "Basic EPS": -644.0,
        "Diluted NI Availto Com Stockholders": -81392000.0,
        "Net Income Common Stockholders": -81392000.0,
        "Preferred Stock Dividends": 2193000.0,
        "Net Income": -79199000.0,
        "Net Income Including Noncontrolling Interests": -79199000.0,
        "Net Income Continuous Operations": -79199000.0,
        "Tax Provision": 1296000.0,
        "Pretax Income": -77903000.0,
        "Other Income Expense": -14751000.0,
        "Other Non Operating Income Expenses": -6634000.0,
        "Special Income Charges": -8117000.0,
        "Other Special Charges": 8117000.0,
        "Impairment Of Capital Assets": NaN,
        "Net Non Operating Interest Income Expense": -42271000.0,
        "Interest Expense Non Operating": 42271000.0,
        "Operating Income": -20881000.0,
        "Operating Expense": 70374000.0,
        "Other Operating Expenses": 2186000.0,
        "Depreciation Amortization Depletion Income Statement": 17993000.0,
        "Depreciation And Amortization In Income Statement": 17993000.0,
        "Selling General And Administration": 50195000.0,
        "General And Administrative Expense": NaN,
        "Other Gand A": NaN,
        "Gross Profit": 49493000.0,
        "Cost Of Revenue": 217277000.0,
        "Total Revenue": 266770000.0,
        "Operating Revenue": 266770000.0
    },
    "2022-03-31": {
        "Diluted EPS": -674.0,
        "Total Revenue": 279,
        "Gross Profit": 56,
        "Operating Income": -7,
        "EBIT": 14,
        "Net Income": -58
    },
    "2021-12-31": {
        "Diluted EPS": -156.0,
        "Total Revenue": 294,
        "Gross Profit": 59,
        "Operating Income": -11,
        "EBIT": 13,
        "Net Income": -71
    },
    "2021-09-30": {
        "Diluted EPS": -372.0,
        "Total Revenue": 279,
        "Gross Profit": 67,
        "Operating Income": 2,
        "EBIT": 25,
        "Net Income": -14
    },
    "2021-06-30": {
        "Diluted EPS": NaN,
        "Total Revenue": 293,
        "Gross Profit": 84,
        "Operating Income": 25,
        "EBIT": 49,
        "Net Income": -20
    },
    "2021-03-31": {
        "Diluted EPS": NaN,
        "Total Revenue": 300,
        "Gross Profit": 67,
        "Operating Income": 4,
        "EBIT": 28,
        "Net Income": -38
    },
    "2020-12-31": {
        "Diluted EPS": NaN,
        "Total Revenue": 314,
        "Gross Profit": 59,
        "Operating Income": -14,
        "EBIT": 16,
        "Net Income": -90
    },
    "2020-09-30": {
        "Diluted EPS": NaN,
        "Total Revenue": 305,
        "Gross Profit": 71,
        "Operating Income": 5,
        "EBIT": 31,
        "Net Income": -29
    },
    "2020-06-30": {
        "Diluted EPS": NaN,
        "Total Revenue": 308,
        "Gross Profit": 66,
        "Operating Income": -5,
        "EBIT": 21,
        "Net Income": -50
    },
    "2020-03-31": {
        "Diluted EPS": -920.0,
        "Total Revenue": 365,
        "Gross Profit": 73,
        "Operating Income": -2,
        "EBIT": 24,
        "Net Income": -11
    },
    "2019-12-31": {
        "Diluted EPS": NaN,
        "Total Revenue": 394,
        "Gross Profit": 79,
        "Operating Income": -250,
        "EBIT": 30,
        "Net Income": -305
    },
    "2019-09-30": {
        "Diluted EPS": NaN,
        "Total Revenue": 374,
        "Gross Profit": 78,
        "Operating Income": -94,
        "EBIT": 31,
        "Net Income": -132
    },
    "2019-06-30": {
        "Diluted EPS": NaN,
        "Total Revenue": 391,
        "Gross Profit": 87,
        "Operating Income": 6,
        "EBIT": 33,
        "Net Income": -42
    },
    "2019-03-31": {
        "Diluted EPS": NaN,
        "Total Revenue": 404,
        "Gross Profit": 94,
        "Operating Income": 16,
        "EBIT": 46,
        "Net Income": -33
    },
    "2018-12-31": {
        "Diluted EPS": NaN,
        "Total Revenue": 400,
        "Gross Profit": 90,
        "Operating Income": -44,
        "EBIT": 36,
        "Net Income": -93
    },
    "2018-09-30": {
        "Diluted EPS": NaN,
        "Total Revenue": 383,
        "Gross Profit": 87,
        "Operating Income": 6,
        "EBIT": 44,
        "Net Income": -30
    },
    "2018-06-30": {
        "Diluted EPS": NaN,
        "Total Revenue": 410,
        "Gross Profit": 96,
        "Operating Income": 12,
        "EBIT": 51,
        "Net Income": -26
    },
    "2018-03-31": {
        "Diluted EPS": NaN,
        "Total Revenue": 393,
        "Gross Profit": 99,
        "Operating Income": 15,
        "EBIT": 55,
        "Net Income": -25
    },
    "2017-12-31": {
        "Diluted EPS": NaN,
        "Total Revenue": 380,
        "Gross Profit": 92,
        "Operating Income": -56,
        "EBIT": 44,
        "Net Income": -65
    },
    "2017-09-30": {
        "Diluted EPS": NaN,
        "Total Revenue": 338,
        "Gross Profit": 83,
        "Operating Income": -74,
        "EBIT": -43,
        "Net Income": -128
    },
    "2017-06-30": {
        "Diluted EPS": NaN,
        "Total Revenue": 209,
        "Gross Profit": 69,
        "Operating Income": 10,
        "EBIT": 35,
        "Net Income": -20
    },
    "2017-03-31": {
        "Diluted EPS": NaN,
        "Total Revenue": 218,
        "Gross Profit": 75,
        "Operating Income": 15,
        "EBIT": 40,
        "Net Income": -16
    },
    "2016-12-31": {
        "Diluted EPS": 0.0,
        "Total Revenue": 604,
        "Gross Profit": 206,
        "Operating Income": 38,
        "EBIT": 63,
        "Net Income": -36
    },
    "2016-09-30": {
        "Diluted EPS": NaN,
        "Total Revenue": 186,
        "Gross Profit": 65,
        "Operating Income": 13,
        "EBIT": 81,
        "Net Income": -12
    },
    "2016-06-30": {
        "Diluted EPS": 120.01,
        "Total Revenue": NaN,
        "Gross Profit": NaN,
        "Operating Income": 0,
        "EBIT": 0,
        "Net Income": 0
    },
    "2016-03-31": {
        "Diluted EPS": 0.0,
        "Total Revenue": NaN,
        "Gross Profit": NaN,
        "Operating Income": 0,
        "EBIT": 0,
        "Net Income": 0
    },
    "2015-12-31": {
        "Diluted EPS": 0.0,
        "Total Revenue": 805,
        "Gross Profit": 245,
        "Operating Income": 40,
        "EBIT": 129,
        "Net Income": -45
    },
    "2015-09-30": {
        "Diluted EPS": 0.0,
        "Total Revenue": NaN,
        "Gross Profit": NaN,
        "Operating Income": NaN,
        "EBIT": NaN,
        "Net Income": NaN
    },
    "2015-06-30": {
        "Diluted EPS": 0.0,
        "Total Revenue": NaN,
        "Gross Profit": NaN,
        "Operating Income": NaN,
        "EBIT": NaN,
        "Net Income": NaN
    },
    "2015-03-31": {
        "Diluted EPS": 0.0,
        "Total Revenue": NaN,
        "Gross Profit": NaN,
        "Operating Income": NaN,
        "EBIT": NaN,
        "Net Income": NaN
    },
    "2014-12-31": {
        "Diluted EPS": 0.0,
        "Total Revenue": NaN,
        "Gross Profit": NaN,
        "Operating Income": NaN,
        "EBIT": NaN,
        "Net Income": NaN
    },
    "2023-06-30": {
        "Tax Effect Of Unusual Items": 1424850.0,
        "Tax Rate For Calcs": 0.21,
        "Normalized EBITDA": 24846000.0,
        "Total Unusual Items": 6785000.0,
        "Total Unusual Items Excluding Goodwill": 6785000.0,
        "Net Income From Continuing Operation Net Minority Interest": -30886000.0,
        "Reconciled Depreciation": 14890000.0,
        "Reconciled Cost Of Revenue": 212059000.0,
        "EBITDA": 31631000.0,
        "EBIT": 16741000.0,
        "Net Interest Income": -45092000.0,
        "Interest Expense": 45092000.0,
        "Normalized Income": -36246150.0,
        "Net Income From Continuing And Discontinued Operation": -30886000.0,
        "Total Expenses": 261714000.0,
        "Total Operating Income As Reported": 11224000.0,
        "Diluted Average Shares": 6367969.0,
        "Basic Average Shares": 6367969.0,
        "Diluted EPS": -5.19,
        "Basic EPS": -5.19,
        "Diluted NI Availto Com Stockholders": -33024000.0,
        "Net Income Common Stockholders": -33024000.0,
        "Preferred Stock Dividends": 2138000.0,
        "Net Income": -30886000.0,
        "Net Income Including Noncontrolling Interests": -30886000.0,
        "Net Income Continuous Operations": -30886000.0,
        "Tax Provision": 2535000.0,
        "Pretax Income": -28351000.0,
        "Other Income Expense": 5517000.0,
        "Other Non Operating Income Expenses": -1268000.0,
        "Special Income Charges": 6785000.0,
        "Other Special Charges": -6785000.0,
        "Impairment Of Capital Assets": NaN,
        "Net Non Operating Interest Income Expense": -45092000.0,
        "Interest Expense Non Operating": 45092000.0,
        "Operating Income": 11224000.0,
        "Operating Expense": 49655000.0,
        "Other Operating Expenses": 2739000.0,
        "Depreciation Amortization Depletion Income Statement": 14890000.0,
        "Depreciation And Amortization In Income Statement": 14890000.0,
        "Selling General And Administration": 32026000.0,
        "Gross Profit": 60879000.0,
        "Cost Of Revenue": 212059000.0,
        "Total Revenue": 272938000.0,
        "Operating Revenue": 272938000.0
    },
    "2023-09-30": {
        "Tax Effect Of Unusual Items": 119910.0,
        "Tax Rate For Calcs": 0.21,
        "Normalized EBITDA": 17234000.0,
        "Total Unusual Items": 571000.0,
        "Total Unusual Items Excluding Goodwill": 571000.0,
        "Net Income From Continuing Operation Net Minority Interest": -23108000.0,
        "Reconciled Depreciation": 14398000.0,
        "Reconciled Cost Of Revenue": 198450000.0,
        "EBITDA": 17805000.0,
        "EBIT": 3407000.0,
        "Net Interest Income": -24708000.0,
        "Interest Expense": 24708000.0,
        "Normalized Income": -23559090.0,
        "Net Income From Continuing And Discontinued Operation": -23108000.0,
        "Total Expenses": 251060000.0,
        "Total Operating Income As Reported": -2065000.0,
        "Diluted Average Shares": 6365353.0,
        "Basic Average Shares": 6365353.0,
        "Diluted EPS": -3.97,
        "Basic EPS": -3.97,
        "Diluted NI Availto Com Stockholders": -25298000.0,
        "Net Income Common Stockholders": -25298000.0,
        "Preferred Stock Dividends": 2190000.0,
        "Net Income": -23108000.0,
        "Net Income Including Noncontrolling Interests": -23108000.0,
        "Net Income Continuous Operations": -23108000.0,
        "Tax Provision": 1807000.0,
        "Pretax Income": -21301000.0,
        "Other Income Expense": 1342000.0,
        "Other Non Operating Income Expenses": 771000.0,
        "Special Income Charges": 571000.0,
        "Other Special Charges": -571000.0,
        "Impairment Of Capital Assets": 0.0,
        "Net Non Operating Interest Income Expense": -24708000.0,
        "Interest Expense Non Operating": 24708000.0,
        "Operating Income": 2065000.0,
        "Operating Expense": 52610000.0,
        "Other Operating Expenses": 2845000.0,
        "Depreciation Amortization Depletion Income Statement": 14398000.0,
        "Depreciation And Amortization In Income Statement": 14398000.0,
        "Selling General And Administration": 35367000.0,
        "Gross Profit": 54675000.0,
        "Cost Of Revenue": 198450000.0,
        "Total Revenue": 253125000.0,
        "Operating Revenue": 253125000.0
    }
}