{
    "2023-03-31": {
        "Tax Effect Of Unusual Items": 0.0,
        "Tax Rate For Calcs": 0.0,
        "Normalized EBITDA": -6497000.0,
        "Net Income From Continuing Operation Net Minority Interest": -7688000.0,
        "Reconciled Depreciation": 553000.0,
        "Reconciled Cost Of Revenue": 5926000.0,
        "EBITDA": -6497000.0,
        "EBIT": -7050000.0,
        "Net Interest Income": 18000.0,
        "Interest Expense": 638000.0,
        "Interest Income": 656000.0,
        "Normalized Income": -7688000.0,
        "Net Income From Continuing And Discontinued Operation": -7688000.0,
        "Total Expenses": 18936000.0,
        "Total Operating Income As Reported": -7706000.0,
        "Diluted Average Shares": 17526763.0,
        "Basic Average Shares": 17526763.0,
        "Diluted EPS": -0.44,
        "Basic EPS": -0.44,
        "Diluted NI Availto Com Stockholders": -7688000.0,
        "Net Income Common Stockholders": -7688000.0,
        "Net Income": -7688000.0,
        "Net Income Including Noncontrolling Interests": -7688000.0,
        "Net Income Continuous Operations": -7688000.0,
        "Pretax Income": -7688000.0,
        "Other Income Expense": NaN,
        "Other Non Operating Income Expenses": NaN,
        "Net Non Operating Interest Income Expense": 18000.0,
        "Interest Expense Non Operating": 638000.0,
        "Interest Income Non Operating": 656000.0,
        "Operating Income": -7706000.0,
        "Operating Expense": 13010000.0,
        "Research And Development": 1126000.0,
        "Selling General And Administration": 11884000.0,
        "Gross Profit": 5304000.0,
        "Cost Of Revenue": 5926000.0,
        "Total Revenue": 11230000.0,
        "Operating Revenue": 11230000.0
    },
    "2022-12-31": {
        "Tax Effect Of Unusual Items": NaN,
        "Tax Rate For Calcs": NaN,
        "Normalized EBITDA": NaN,
        "Net Income From Continuing Operation Net Minority Interest": NaN,
        "Reconciled Depreciation": NaN,
        "Reconciled Cost Of Revenue": NaN,
        "EBITDA": NaN,
        "EBIT": NaN,
        "Net Interest Income": NaN,
        "Interest Expense": NaN,
        "Interest Income": NaN,
        "Normalized Income": NaN,
        "Net Income From Continuing And Discontinued Operation": NaN,
        "Total Expenses": NaN,
        "Total Operating Income As Reported": NaN,
        "Diluted Average Shares": 17194293.0,
        "Basic Average Shares": 17194293.0,
        "Diluted EPS": -0.83,
        "Basic EPS": -0.83,
        "Diluted NI Availto Com Stockholders": NaN,
        "Net Income Common Stockholders": NaN,
        "Net Income": NaN,
        "Net Income Including Noncontrolling Interests": NaN,
        "Net Income Continuous Operations": NaN,
        "Pretax Income": NaN,
        "Other Income Expense": -5855000.0,
        "Other Non Operating Income Expenses": NaN,
        "Net Non Operating Interest Income Expense": NaN,
        "Interest Expense Non Operating": NaN,
        "Interest Income Non Operating": NaN,
        "Operating Income": NaN,
        "Operating Expense": NaN,
        "Research And Development": NaN,
        "Selling General And Administration": NaN,
        "Gross Profit": NaN,
        "Cost Of Revenue": NaN,
        "Total Revenue": NaN,
        "Operating Revenue": NaN
    },
    "2022-09-30": {
        "Tax Effect Of Unusual Items": NaN,
        "Tax Rate For Calcs": NaN,
        "Normalized EBITDA": NaN,
        "Net Income From Continuing Operation Net Minority Interest": NaN,
        "Reconciled Depreciation": NaN,
        "Reconciled Cost Of Revenue": NaN,
        "EBITDA": NaN,
        "EBIT": NaN,
        "Net Interest Income": NaN,
        "Interest Expense": NaN,
        "Interest Income": NaN,
        "Normalized Income": NaN,
        "Net Income From Continuing And Discontinued Operation": NaN,
        "Total Expenses": NaN,
        "Total Operating Income As Reported": NaN,
        "Diluted Average Shares": NaN,
        "Basic Average Shares": NaN,
        "Diluted EPS": NaN,
        "Basic EPS": NaN,
        "Diluted NI Availto Com Stockholders": NaN,
        "Net Income Common Stockholders": NaN,
        "Net Income": NaN,
        "Net Income Including Noncontrolling Interests": NaN,
        "Net Income Continuous Operations": NaN,
        "Pretax Income": NaN,
        "Other Income Expense": 339000.0,
        "Other Non Operating Income Expenses": 339000.0,
        "Net Non Operating Interest Income Expense": NaN,
        "Interest Expense Non Operating": NaN,
        "Interest Income Non Operating": NaN,
        "Operating Income": NaN,
        "Operating Expense": NaN,
        "Research And Development": NaN,
        "Selling General And Administration": NaN,
        "Gross Profit": NaN,
        "Cost Of Revenue": NaN,
        "Total Revenue": NaN,
        "Operating Revenue": NaN
    },
    "2022-06-30": {
        "Tax Effect Of Unusual Items": 0.0,
        "Tax Rate For Calcs": 0.0,
        "Normalized EBITDA": -12389000.0,
        "Total Unusual Items": NaN,
        "Total Unusual Items Excluding Goodwill": NaN,
        "Net Income From Continuing Operation Net Minority Interest": -13309000.0,
        "Reconciled Depreciation": 314000.0,
        "Reconciled Cost Of Revenue": 6078000.0,
        "EBITDA": -12389000.0,
        "EBIT": -12703000.0,
        "Net Interest Income": -606000.0,
        "Interest Expense": 606000.0,
        "Interest Income": NaN,
        "Normalized Income": -13309000.0,
        "Net Income From Continuing And Discontinued Operation": -13309000.0,
        "Total Expenses": 21670000.0,
        "Total Operating Income As Reported": -12708000.0,
        "Diluted Average Shares": 17058516.0,
        "Basic Average Shares": 17058516.0,
        "Diluted EPS": -0.86,
        "Basic EPS": -0.86,
        "Diluted NI Availto Com Stockholders": -13309000.0,
        "Net Income Common Stockholders": -13309000.0,
        "Net Income": -13309000.0,
        "Net Income Including Noncontrolling Interests": -13309000.0,
        "Net Income Continuous Operations": -13309000.0,
        "Tax Provision": NaN,
        "Pretax Income": -13309000.0,
        "Other Income Expense": 5000.0,
        "Other Non Operating Income Expenses": 5000.0,
        "Special Income Charges": NaN,
        "Impairment Of Capital Assets": NaN,
        "Net Non Operating Interest Income Expense": -606000.0,
        "Interest Expense Non Operating": 606000.0,
        "Interest Income Non Operating": NaN,
        "Operating Income": -12708000.0,
        "Operating Expense": 15592000.0,
        "Research And Development": 2689000.0,
        "Selling General And Administration": 12903000.0,
        "Gross Profit": 2884000.0,
        "Cost Of Revenue": 6078000.0,
        "Total Revenue": 8962000.0,
        "Operating Revenue": 8962000.0
    },
    "2022-03-31": {
        "Diluted EPS": -0.6,
        "Total Revenue": 10,
        "Gross Profit": 5,
        "Operating Income": -10,
        "EBIT": -9,
        "Net Income": -10
    },
    "2021-12-31": {
        "Diluted EPS": -0.4,
        "Total Revenue": 13,
        "Gross Profit": 8,
        "Operating Income": -6,
        "EBIT": -6,
        "Net Income": -7
    },
    "2021-09-30": {
        "Diluted EPS": -0.42,
        "Total Revenue": 12,
        "Gross Profit": 7,
        "Operating Income": -7,
        "EBIT": -6,
        "Net Income": -7
    },
    "2021-06-30": {
        "Diluted EPS": -0.38,
        "Total Revenue": 13,
        "Gross Profit": 7,
        "Operating Income": -6,
        "EBIT": -5,
        "Net Income": -6
    },
    "2021-03-31": {
        "Diluted EPS": -0.48,
        "Total Revenue": 11,
        "Gross Profit": 6,
        "Operating Income": -6,
        "EBIT": -5,
        "Net Income": -6
    },
    "2020-12-31": {
        "Diluted EPS": -0.27,
        "Total Revenue": 13,
        "Gross Profit": 8,
        "Operating Income": -3,
        "EBIT": -3,
        "Net Income": -3
    },
    "2020-09-30": {
        "Diluted EPS": -0.34,
        "Total Revenue": 11,
        "Gross Profit": 6,
        "Operating Income": -4,
        "EBIT": -4,
        "Net Income": -4
    },
    "2020-06-30": {
        "Diluted EPS": -0.27,
        "Total Revenue": 9,
        "Gross Profit": 6,
        "Operating Income": -3,
        "EBIT": -3,
        "Net Income": -3
    },
    "2020-03-31": {
        "Diluted EPS": -0.44,
        "Total Revenue": 10,
        "Gross Profit": 5,
        "Operating Income": -5,
        "EBIT": -5,
        "Net Income": -6
    },
    "2019-12-31": {
        "Diluted EPS": 158.16,
        "Total Revenue": 10,
        "Gross Profit": 6,
        "Operating Income": -3,
        "EBIT": -3,
        "Net Income": -3
    },
    "2019-09-30": {
        "Diluted EPS": -11.29,
        "Total Revenue": 10,
        "Gross Profit": 6,
        "Operating Income": -2,
        "EBIT": -2,
        "Net Income": -17
    },
    "2019-06-30": {
        "Diluted EPS": -78.87,
        "Total Revenue": 10,
        "Gross Profit": 5,
        "Operating Income": -2,
        "EBIT": -2,
        "Net Income": -5
    },
    "2019-03-31": {
        "Diluted EPS": -76.46,
        "Total Revenue": 9,
        "Gross Profit": 5,
        "Operating Income": -2,
        "EBIT": -1,
        "Net Income": -5
    },
    "2018-12-31": {
        "Diluted EPS": 0.0,
        "Total Revenue": NaN,
        "Gross Profit": NaN,
        "Operating Income": NaN,
        "EBIT": NaN,
        "Net Income": NaN
    },
    "2018-09-30": {
        "Diluted EPS": -71.8,
        "Total Revenue": 8,
        "Gross Profit": 4,
        "Operating Income": -1,
        "EBIT": -1,
        "Net Income": -5
    },
    "2023-06-30": {
        "Tax Effect Of Unusual Items": 0.0,
        "Tax Rate For Calcs": 0.0,
        "Normalized EBITDA": -3936000.0,
        "Net Income From Continuing Operation Net Minority Interest": -5013000.0,
        "Reconciled Depreciation": 503000.0,
        "Reconciled Cost Of Revenue": 5836000.0,
        "EBITDA": -3936000.0,
        "EBIT": -4439000.0,
        "Net Interest Income": -574000.0,
        "Interest Expense": 574000.0,
        "Interest Income": NaN,
        "Normalized Income": -5013000.0,
        "Net Income From Continuing And Discontinued Operation": -5013000.0,
        "Total Expenses": 19052000.0,
        "Total Operating Income As Reported": -4915000.0,
        "Diluted Average Shares": 17655483.0,
        "Basic Average Shares": 17655483.0,
        "Diluted EPS": -0.28,
        "Basic EPS": -0.28,
        "Diluted NI Availto Com Stockholders": -5013000.0,
        "Net Income Common Stockholders": -5013000.0,
        "Net Income": -5013000.0,
        "Net Income Including Noncontrolling Interests": -5013000.0,
        "Net Income Continuous Operations": -5013000.0,
        "Pretax Income": -5013000.0,
        "Other Income Expense": 476000.0,
        "Other Non Operating Income Expenses": 476000.0,
        "Net Non Operating Interest Income Expense": -574000.0,
        "Interest Expense Non Operating": 574000.0,
        "Interest Income Non Operating": NaN,
        "Operating Income": -4915000.0,
        "Operating Expense": 13216000.0,
        "Research And Development": 1263000.0,
        "Selling General And Administration": 11953000.0,
        "Gross Profit": 8301000.0,
        "Cost Of Revenue": 5836000.0,
        "Total Revenue": 14137000.0,
        "Operating Revenue": 14137000.0
    },
    "2023-09-30": {
        "Tax Effect Of Unusual Items": 0.0,
        "Tax Rate For Calcs": 0.0,
        "Normalized EBITDA": -4253000.0,
        "Net Income From Continuing Operation Net Minority Interest": -5415000.0,
        "Reconciled Depreciation": 605000.0,
        "Reconciled Cost Of Revenue": 5710000.0,
        "EBITDA": -4253000.0,
        "EBIT": -4858000.0,
        "Net Interest Income": -557000.0,
        "Interest Expense": 557000.0,
        "Interest Income": NaN,
        "Normalized Income": -5415000.0,
        "Net Income From Continuing And Discontinued Operation": -5415000.0,
        "Total Expenses": 18485000.0,
        "Total Operating Income As Reported": -5069000.0,
        "Diluted Average Shares": 17692603.0,
        "Basic Average Shares": 17692603.0,
        "Diluted EPS": -0.31,
        "Basic EPS": -0.31,
        "Diluted NI Availto Com Stockholders": -5415000.0,
        "Net Income Common Stockholders": -5415000.0,
        "Net Income": -5415000.0,
        "Net Income Including Noncontrolling Interests": -5415000.0,
        "Net Income Continuous Operations": -5415000.0,
        "Pretax Income": -5415000.0,
        "Other Income Expense": 211000.0,
        "Other Non Operating Income Expenses": 211000.0,
        "Net Non Operating Interest Income Expense": -557000.0,
        "Interest Expense Non Operating": 557000.0,
        "Interest Income Non Operating": NaN,
        "Operating Income": -5069000.0,
        "Operating Expense": 12775000.0,
        "Research And Development": 1400000.0,
        "Selling General And Administration": 11375000.0,
        "Gross Profit": 7706000.0,
        "Cost Of Revenue": 5710000.0,
        "Total Revenue": 13416000.0,
        "Operating Revenue": 13416000.0
    },
    "2023-12-31": {
        "Tax Effect Of Unusual Items": 0.0,
        "Tax Rate For Calcs": 0.0,
        "Normalized EBITDA": -4467000.0,
        "Net Income From Continuing Operation Net Minority Interest": -5573000.0,
        "Reconciled Depreciation": 507000.0,
        "Reconciled Cost Of Revenue": 5620000.0,
        "EBITDA": -4467000.0,
        "EBIT": -4974000.0,
        "Net Interest Income": 950000.0,
        "Interest Expense": 566000.0,
        "Interest Income": NaN,
        "Normalized Income": -5573000.0,
        "Net Income From Continuing And Discontinued Operation": -5573000.0,
        "Total Expenses": 18912000.0,
        "Total Operating Income As Reported": -5147000.0,
        "Diluted Average Shares": NaN,
        "Basic Average Shares": NaN,
        "Diluted EPS": NaN,
        "Basic EPS": NaN,
        "Diluted NI Availto Com Stockholders": -5573000.0,
        "Net Income Common Stockholders": -5573000.0,
        "Net Income": -5573000.0,
        "Net Income Including Noncontrolling Interests": -5573000.0,
        "Net Income Continuous Operations": -5573000.0,
        "Pretax Income": -5540000.0,
        "Other Income Expense": NaN,
        "Other Non Operating Income Expenses": NaN,
        "Net Non Operating Interest Income Expense": 950000.0,
        "Interest Expense Non Operating": 566000.0,
        "Interest Income Non Operating": NaN,
        "Operating Income": -5147000.0,
        "Operating Expense": 13292000.0,
        "Research And Development": 1076000.0,
        "Selling General And Administration": 12216000.0,
        "Gross Profit": 8145000.0,
        "Cost Of Revenue": 5620000.0,
        "Total Revenue": 13765000.0,
        "Operating Revenue": 13765000.0
    },
    "2024-03-31": {
        "Tax Effect Of Unusual Items": 0.0,
        "Tax Rate For Calcs": 0.0,
        "Normalized EBITDA": -2353000.0,
        "Net Income From Continuing Operation Net Minority Interest": -3360000.0,
        "Reconciled Depreciation": 458000.0,
        "Reconciled Cost Of Revenue": 5817000.0,
        "EBITDA": -2353000.0,
        "EBIT": -2811000.0,
        "Net Interest Income": -357000.0,
        "Interest Expense": 549000.0,
        "Interest Income": 192000.0,
        "Normalized Income": -3360000.0,
        "Net Income From Continuing And Discontinued Operation": -3360000.0,
        "Total Expenses": 17418000.0,
        "Total Operating Income As Reported": -3003000.0,
        "Diluted Average Shares": 17944438.0,
        "Basic Average Shares": 17944438.0,
        "Diluted EPS": -0.19,
        "Basic EPS": -0.19,
        "Diluted NI Availto Com Stockholders": -3360000.0,
        "Net Income Common Stockholders": -3360000.0,
        "Net Income": -3360000.0,
        "Net Income Including Noncontrolling Interests": -3360000.0,
        "Net Income Continuous Operations": -3360000.0,
        "Pretax Income": -3360000.0,
        "Other Income Expense": NaN,
        "Other Non Operating Income Expenses": NaN,
        "Net Non Operating Interest Income Expense": -357000.0,
        "Interest Expense Non Operating": 549000.0,
        "Interest Income Non Operating": 192000.0,
        "Operating Income": -3003000.0,
        "Operating Expense": 11601000.0,
        "Research And Development": 1059000.0,
        "Selling General And Administration": 10542000.0,
        "Gross Profit": 8598000.0,
        "Cost Of Revenue": 5817000.0,
        "Total Revenue": 14415000.0,
        "Operating Revenue": 14415000.0
    }
}