{
    "2023-03-31": {
        "Tax Effect Of Unusual Items": 0.0,
        "Tax Rate For Calcs": 0.0,
        "Normalized EBITDA": -23027000.0,
        "Total Unusual Items": 0.0,
        "Total Unusual Items Excluding Goodwill": 0.0,
        "Net Income From Continuing Operation Net Minority Interest": -22646000.0,
        "Reconciled Depreciation": 499000.0,
        "EBITDA": -23027000.0,
        "EBIT": -23526000.0,
        "Normalized Income": -22646000.0,
        "Net Income From Continuing And Discontinued Operation": -22646000.0,
        "Total Expenses": 23526000.0,
        "Total Operating Income As Reported": -23526000.0,
        "Diluted Average Shares": 27433252.0,
        "Basic Average Shares": 27433252.0,
        "Diluted EPS": -0.83,
        "Basic EPS": -0.83,
        "Diluted NI Availto Com Stockholders": -22646000.0,
        "Net Income Common Stockholders": -22646000.0,
        "Net Income": -22646000.0,
        "Net Income Including Noncontrolling Interests": -22646000.0,
        "Net Income Continuous Operations": -22646000.0,
        "Pretax Income": -22646000.0,
        "Other Income Expense": 880000.0,
        "Other Non Operating Income Expenses": 880000.0,
        "Special Income Charges": 0.0,
        "Restructuring And Mergern Acquisition": 0.0,
        "Operating Income": -23526000.0,
        "Operating Expense": 23526000.0,
        "Research And Development": 16131000.0,
        "Selling General And Administration": 7395000.0,
        "General And Administrative Expense": 7395000.0,
        "Other Gand A": 3114000.0,
        "Salaries And Wages": 4281000.0,
        "Total Revenue": 0.0,
        "Operating Revenue": 0.0
    },
    "2022-12-31": {
        "Tax Effect Of Unusual Items": 0.0,
        "Tax Rate For Calcs": 0.0,
        "Normalized EBITDA": -22678000.0,
        "Total Unusual Items": NaN,
        "Total Unusual Items Excluding Goodwill": NaN,
        "Net Income From Continuing Operation Net Minority Interest": -22466000.0,
        "Reconciled Depreciation": 489000.0,
        "EBITDA": -22678000.0,
        "EBIT": -23167000.0,
        "Normalized Income": -22466000.0,
        "Net Income From Continuing And Discontinued Operation": -22466000.0,
        "Total Expenses": 23167000.0,
        "Total Operating Income As Reported": -23167000.0,
        "Diluted Average Shares": 27415832.0,
        "Basic Average Shares": 27415832.0,
        "Diluted EPS": -0.82,
        "Basic EPS": -0.82,
        "Diluted NI Availto Com Stockholders": -22466000.0,
        "Net Income Common Stockholders": -22466000.0,
        "Net Income": -22466000.0,
        "Net Income Including Noncontrolling Interests": -22466000.0,
        "Net Income Continuous Operations": -22466000.0,
        "Pretax Income": -22466000.0,
        "Other Income Expense": 701000.0,
        "Other Non Operating Income Expenses": 701000.0,
        "Special Income Charges": NaN,
        "Restructuring And Mergern Acquisition": NaN,
        "Operating Income": -23167000.0,
        "Operating Expense": 23167000.0,
        "Research And Development": 14997000.0,
        "Selling General And Administration": 8170000.0,
        "General And Administrative Expense": 8170000.0,
        "Other Gand A": 4081000.0,
        "Salaries And Wages": 4089000.0,
        "Total Revenue": 0.0,
        "Operating Revenue": 0.0
    },
    "2022-09-30": {
        "Tax Effect Of Unusual Items": 0.0,
        "Tax Rate For Calcs": 0.0,
        "Normalized EBITDA": -19733000.0,
        "Net Income From Continuing Operation Net Minority Interest": -19790000.0,
        "Reconciled Depreciation": 473000.0,
        "EBITDA": -19733000.0,
        "EBIT": -20206000.0,
        "Normalized Income": -19790000.0,
        "Net Income From Continuing And Discontinued Operation": -19790000.0,
        "Total Expenses": 20206000.0,
        "Total Operating Income As Reported": -20206000.0,
        "Diluted Average Shares": 27399906.0,
        "Basic Average Shares": 27399906.0,
        "Diluted EPS": -0.72,
        "Basic EPS": -0.72,
        "Diluted NI Availto Com Stockholders": -19790000.0,
        "Net Income Common Stockholders": -19790000.0,
        "Net Income": -19790000.0,
        "Net Income Including Noncontrolling Interests": -19790000.0,
        "Net Income Continuous Operations": -19790000.0,
        "Pretax Income": -19790000.0,
        "Other Income Expense": 416000.0,
        "Other Non Operating Income Expenses": 416000.0,
        "Operating Income": -20206000.0,
        "Operating Expense": 20206000.0,
        "Research And Development": 13038000.0,
        "Selling General And Administration": 7168000.0,
        "General And Administrative Expense": 7168000.0,
        "Other Gand A": 3360000.0,
        "Salaries And Wages": 3808000.0,
        "Total Revenue": 0.0,
        "Operating Revenue": 0.0
    },
    "2022-06-30": {
        "Tax Effect Of Unusual Items": 0.0,
        "Tax Rate For Calcs": 0.0,
        "Normalized EBITDA": -24107000.0,
        "Net Income From Continuing Operation Net Minority Interest": -24613000.0,
        "Reconciled Depreciation": 445000.0,
        "EBITDA": -24107000.0,
        "EBIT": -24552000.0,
        "Normalized Income": -24613000.0,
        "Net Income From Continuing And Discontinued Operation": -24613000.0,
        "Total Expenses": 24552000.0,
        "Total Operating Income As Reported": -24552000.0,
        "Diluted Average Shares": 27384614.0,
        "Basic Average Shares": 27384614.0,
        "Diluted EPS": -0.9,
        "Basic EPS": -0.9,
        "Diluted NI Availto Com Stockholders": -24613000.0,
        "Net Income Common Stockholders": -24613000.0,
        "Net Income": -24613000.0,
        "Net Income Including Noncontrolling Interests": -24613000.0,
        "Net Income Continuous Operations": -24613000.0,
        "Pretax Income": -24613000.0,
        "Other Income Expense": -61000.0,
        "Other Non Operating Income Expenses": -61000.0,
        "Operating Income": -24552000.0,
        "Operating Expense": 24552000.0,
        "Research And Development": 16246000.0,
        "Selling General And Administration": 8306000.0,
        "General And Administrative Expense": 8306000.0,
        "Other Gand A": 3137000.0,
        "Salaries And Wages": 5169000.0,
        "Total Revenue": 0.0,
        "Operating Revenue": 0.0
    },
    "2022-03-31": {
        "Diluted EPS": -0.78,
        "Total Revenue": NaN,
        "Gross Profit": NaN,
        "Operating Income": -21,
        "EBIT": -21,
        "Net Income": -21
    },
    "2021-12-31": {
        "Diluted EPS": 62.76,
        "Total Revenue": NaN,
        "Gross Profit": NaN,
        "Operating Income": -20,
        "EBIT": -19,
        "Net Income": -20
    },
    "2021-09-30": {
        "Diluted EPS": -21.27,
        "Total Revenue": NaN,
        "Gross Profit": NaN,
        "Operating Income": -16,
        "EBIT": -16,
        "Net Income": -16
    },
    "2021-06-30": {
        "Diluted EPS": -31.48,
        "Total Revenue": NaN,
        "Gross Profit": NaN,
        "Operating Income": -23,
        "EBIT": -23,
        "Net Income": -23
    },
    "2021-03-31": {
        "Diluted EPS": -23.53,
        "Total Revenue": NaN,
        "Gross Profit": NaN,
        "Operating Income": -17,
        "EBIT": -16,
        "Net Income": -17
    },
    "2020-12-31": {
        "Diluted EPS": 0.0,
        "Total Revenue": NaN,
        "Gross Profit": NaN,
        "Operating Income": NaN,
        "EBIT": NaN,
        "Net Income": NaN
    },
    "2020-09-30": {
        "Diluted EPS": -24.19,
        "Total Revenue": NaN,
        "Gross Profit": NaN,
        "Operating Income": -15,
        "EBIT": -15,
        "Net Income": -15
    },
    "2023-06-30": {
        "Tax Effect Of Unusual Items": 0.0,
        "Tax Rate For Calcs": 0.0,
        "Normalized EBITDA": -19624000.0,
        "Total Unusual Items": 0.0,
        "Total Unusual Items Excluding Goodwill": 0.0,
        "Net Income From Continuing Operation Net Minority Interest": -19355000.0,
        "Reconciled Depreciation": 492000.0,
        "EBITDA": -19624000.0,
        "EBIT": -20116000.0,
        "Normalized Income": -19355000.0,
        "Net Income From Continuing And Discontinued Operation": -19355000.0,
        "Total Expenses": 20116000.0,
        "Total Operating Income As Reported": -20116000.0,
        "Diluted Average Shares": 27468668.0,
        "Basic Average Shares": 27468668.0,
        "Diluted EPS": -0.7,
        "Basic EPS": -0.7,
        "Diluted NI Availto Com Stockholders": -19355000.0,
        "Net Income Common Stockholders": -19355000.0,
        "Net Income": -19355000.0,
        "Net Income Including Noncontrolling Interests": -19355000.0,
        "Net Income Continuous Operations": -19355000.0,
        "Pretax Income": -19355000.0,
        "Other Income Expense": 761000.0,
        "Other Non Operating Income Expenses": 761000.0,
        "Special Income Charges": 0.0,
        "Restructuring And Mergern Acquisition": 0.0,
        "Operating Income": -20116000.0,
        "Operating Expense": 20116000.0,
        "Research And Development": 13218000.0,
        "Selling General And Administration": 6898000.0,
        "General And Administrative Expense": 6898000.0,
        "Other Gand A": 2948000.0,
        "Salaries And Wages": 3950000.0,
        "Total Revenue": 0.0,
        "Operating Revenue": 0.0
    },
    "2023-09-30": {
        "Tax Effect Of Unusual Items": 0.0,
        "Tax Rate For Calcs": 0.0,
        "Normalized EBITDA": -16901000.0,
        "Total Unusual Items": 0.0,
        "Total Unusual Items Excluding Goodwill": 0.0,
        "Net Income From Continuing Operation Net Minority Interest": -16748000.0,
        "Reconciled Depreciation": 460000.0,
        "EBITDA": -16901000.0,
        "EBIT": -17361000.0,
        "Normalized Income": -16748000.0,
        "Net Income From Continuing And Discontinued Operation": -16748000.0,
        "Total Expenses": 17361000.0,
        "Total Operating Income As Reported": -17361000.0,
        "Diluted Average Shares": 27523821.0,
        "Basic Average Shares": 27523821.0,
        "Diluted EPS": -0.61,
        "Basic EPS": -0.61,
        "Diluted NI Availto Com Stockholders": -16748000.0,
        "Net Income Common Stockholders": -16748000.0,
        "Net Income": -16748000.0,
        "Net Income Including Noncontrolling Interests": -16748000.0,
        "Net Income Continuous Operations": -16748000.0,
        "Pretax Income": -16748000.0,
        "Other Income Expense": 613000.0,
        "Other Non Operating Income Expenses": 613000.0,
        "Special Income Charges": 0.0,
        "Restructuring And Mergern Acquisition": 0.0,
        "Operating Income": -17361000.0,
        "Operating Expense": 17361000.0,
        "Research And Development": 11051000.0,
        "Selling General And Administration": 6310000.0,
        "General And Administrative Expense": 6310000.0,
        "Other Gand A": 2531000.0,
        "Salaries And Wages": 3779000.0,
        "Total Revenue": 0.0,
        "Operating Revenue": 0.0
    },
    "2024-03-31": {
        "Tax Effect Of Unusual Items": 0.0,
        "Tax Rate For Calcs": 0.0,
        "Normalized EBITDA": -15148000.0,
        "Total Unusual Items": -948000.0,
        "Total Unusual Items Excluding Goodwill": -948000.0,
        "Net Income From Continuing Operation Net Minority Interest": -17203000.0,
        "Reconciled Depreciation": 443000.0,
        "EBITDA": -16096000.0,
        "EBIT": -16539000.0,
        "Normalized Income": -16255000.0,
        "Net Income From Continuing And Discontinued Operation": -17203000.0,
        "Total Expenses": 16539000.0,
        "Total Operating Income As Reported": -17487000.0,
        "Diluted Average Shares": 27912584.0,
        "Basic Average Shares": 27912584.0,
        "Diluted EPS": -0.62,
        "Basic EPS": -0.62,
        "Diluted NI Availto Com Stockholders": -17203000.0,
        "Net Income Common Stockholders": -17203000.0,
        "Net Income": -17203000.0,
        "Net Income Including Noncontrolling Interests": -17203000.0,
        "Net Income Continuous Operations": -17203000.0,
        "Pretax Income": -17203000.0,
        "Other Income Expense": -664000.0,
        "Other Non Operating Income Expenses": 284000.0,
        "Special Income Charges": -948000.0,
        "Restructuring And Mergern Acquisition": 948000.0,
        "Operating Income": -16539000.0,
        "Operating Expense": 16539000.0,
        "Research And Development": 10400000.0,
        "Selling General And Administration": 6139000.0,
        "General And Administrative Expense": 6139000.0,
        "Other Gand A": 2564000.0,
        "Salaries And Wages": 3575000.0,
        "Total Revenue": 0.0,
        "Operating Revenue": 0.0
    },
    "2024-06-30": {
        "Tax Effect Of Unusual Items": 0.0,
        "Tax Rate For Calcs": 0.0,
        "Normalized EBITDA": -14199000.0,
        "Total Unusual Items": -30000.0,
        "Total Unusual Items Excluding Goodwill": -30000.0,
        "Net Income From Continuing Operation Net Minority Interest": -13925000.0,
        "Reconciled Depreciation": 445000.0,
        "EBITDA": -14229000.0,
        "EBIT": -14674000.0,
        "Normalized Income": -13895000.0,
        "Net Income From Continuing And Discontinued Operation": -13925000.0,
        "Total Expenses": 17031000.0,
        "Total Operating Income As Reported": -14704000.0,
        "Diluted Average Shares": 57760178.0,
        "Basic Average Shares": 57760178.0,
        "Diluted EPS": -0.24,
        "Basic EPS": -0.24,
        "Diluted NI Availto Com Stockholders": -13925000.0,
        "Net Income Common Stockholders": -13925000.0,
        "Net Income": -13925000.0,
        "Net Income Including Noncontrolling Interests": -13925000.0,
        "Net Income Continuous Operations": -13925000.0,
        "Pretax Income": -13925000.0,
        "Other Income Expense": 749000.0,
        "Other Non Operating Income Expenses": 779000.0,
        "Special Income Charges": -30000.0,
        "Restructuring And Mergern Acquisition": 30000.0,
        "Operating Income": -14674000.0,
        "Operating Expense": 17031000.0,
        "Research And Development": 11216000.0,
        "Selling General And Administration": 5815000.0,
        "General And Administrative Expense": 5815000.0,
        "Other Gand A": 2186000.0,
        "Salaries And Wages": 3629000.0,
        "Total Revenue": 2357000.0,
        "Operating Revenue": 2357000.0
    },
    "2024-09-30": {
        "Tax Effect Of Unusual Items": 0.0,
        "Tax Rate For Calcs": 0.0,
        "Normalized EBITDA": -14463000.0,
        "Total Unusual Items": 41000.0,
        "Total Unusual Items Excluding Goodwill": 41000.0,
        "Net Income From Continuing Operation Net Minority Interest": -14020000.0,
        "Reconciled Depreciation": 381000.0,
        "EBITDA": -14422000.0,
        "EBIT": -14803000.0,
        "Normalized Income": -14061000.0,
        "Net Income From Continuing And Discontinued Operation": -14020000.0,
        "Total Expenses": 17066000.0,
        "Total Operating Income As Reported": -14762000.0,
        "Diluted Average Shares": 63465063.0,
        "Basic Average Shares": 63465063.0,
        "Diluted EPS": -0.22,
        "Basic EPS": -0.22,
        "Diluted NI Availto Com Stockholders": -14020000.0,
        "Net Income Common Stockholders": -14020000.0,
        "Net Income": -14020000.0,
        "Net Income Including Noncontrolling Interests": -14020000.0,
        "Net Income Continuous Operations": -14020000.0,
        "Pretax Income": -14020000.0,
        "Other Income Expense": 783000.0,
        "Other Non Operating Income Expenses": 742000.0,
        "Special Income Charges": 41000.0,
        "Restructuring And Mergern Acquisition": -41000.0,
        "Operating Income": -14803000.0,
        "Operating Expense": 17066000.0,
        "Research And Development": 10759000.0,
        "Selling General And Administration": 6307000.0,
        "General And Administrative Expense": 6307000.0,
        "Other Gand A": 2619000.0,
        "Salaries And Wages": 3688000.0,
        "Total Revenue": 2263000.0,
        "Operating Revenue": 2263000.0
    }
}