{
    "2023-03-31": {
        "Tax Effect Of Unusual Items": -5670.0,
        "Tax Rate For Calcs": 0.21,
        "Normalized EBITDA": -14416000.0,
        "Total Unusual Items": -27000.0,
        "Total Unusual Items Excluding Goodwill": -27000.0,
        "Net Income From Continuing Operation Net Minority Interest": -18344000.0,
        "Reconciled Depreciation": 2566000.0,
        "Reconciled Cost Of Revenue": 65957000.0,
        "EBITDA": -14443000.0,
        "EBIT": -17009000.0,
        "Net Interest Income": 1497000.0,
        "Interest Expense": 1198000.0,
        "Interest Income": 2695000.0,
        "Normalized Income": -18322670.0,
        "Net Income From Continuing And Discontinued Operation": -18344000.0,
        "Total Expenses": 125086000.0,
        "Total Operating Income As Reported": -19787000.0,
        "Diluted Average Shares": 47699561.0,
        "Basic Average Shares": 47699561.0,
        "Diluted EPS": -0.38,
        "Basic EPS": -0.38,
        "Diluted NI Availto Com Stockholders": -18344000.0,
        "Net Income Common Stockholders": -18344000.0,
        "Net Income": -18344000.0,
        "Minority Interests": -1000.0,
        "Net Income Including Noncontrolling Interests": -18343000.0,
        "Net Income Continuous Operations": -18343000.0,
        "Tax Provision": 136000.0,
        "Pretax Income": -18207000.0,
        "Other Income Expense": 56000.0,
        "Other Non Operating Income Expenses": 17000.0,
        "Special Income Charges": -27000.0,
        "Write Off": 27000.0,
        "Impairment Of Capital Assets": NaN,
        "Earnings From Equity Interest": 66000.0,
        "Net Non Operating Interest Income Expense": 1497000.0,
        "Interest Expense Non Operating": 1198000.0,
        "Interest Income Non Operating": 2695000.0,
        "Operating Income": -19760000.0,
        "Operating Expense": 59129000.0,
        "Other Operating Expenses": 12608000.0,
        "Research And Development": 8125000.0,
        "Selling General And Administration": 38396000.0,
        "Selling And Marketing Expense": 22439000.0,
        "General And Administrative Expense": 15957000.0,
        "Other Gand A": 15957000.0,
        "Gross Profit": 39369000.0,
        "Cost Of Revenue": 65957000.0,
        "Total Revenue": 105326000.0,
        "Operating Revenue": 105326000.0
    },
    "2022-12-31": {
        "Tax Effect Of Unusual Items": NaN,
        "Tax Rate For Calcs": NaN,
        "Normalized EBITDA": NaN,
        "Total Unusual Items": NaN,
        "Total Unusual Items Excluding Goodwill": NaN,
        "Net Income From Continuing Operation Net Minority Interest": NaN,
        "Reconciled Depreciation": NaN,
        "Reconciled Cost Of Revenue": NaN,
        "EBITDA": NaN,
        "EBIT": NaN,
        "Net Interest Income": NaN,
        "Interest Expense": NaN,
        "Interest Income": NaN,
        "Normalized Income": NaN,
        "Net Income From Continuing And Discontinued Operation": NaN,
        "Total Expenses": NaN,
        "Total Operating Income As Reported": NaN,
        "Diluted Average Shares": 47457139.0,
        "Basic Average Shares": 47457139.0,
        "Diluted EPS": -0.51,
        "Basic EPS": -0.51,
        "Diluted NI Availto Com Stockholders": NaN,
        "Net Income Common Stockholders": NaN,
        "Net Income": NaN,
        "Minority Interests": NaN,
        "Net Income Including Noncontrolling Interests": NaN,
        "Net Income Continuous Operations": NaN,
        "Tax Provision": NaN,
        "Pretax Income": NaN,
        "Other Income Expense": NaN,
        "Other Non Operating Income Expenses": NaN,
        "Special Income Charges": NaN,
        "Write Off": NaN,
        "Impairment Of Capital Assets": NaN,
        "Earnings From Equity Interest": NaN,
        "Net Non Operating Interest Income Expense": NaN,
        "Interest Expense Non Operating": NaN,
        "Interest Income Non Operating": NaN,
        "Operating Income": NaN,
        "Operating Expense": NaN,
        "Other Operating Expenses": NaN,
        "Research And Development": NaN,
        "Selling General And Administration": NaN,
        "Selling And Marketing Expense": NaN,
        "General And Administrative Expense": NaN,
        "Other Gand A": NaN,
        "Gross Profit": NaN,
        "Cost Of Revenue": NaN,
        "Total Revenue": NaN,
        "Operating Revenue": NaN
    },
    "2022-09-30": {
        "Tax Effect Of Unusual Items": NaN,
        "Tax Rate For Calcs": NaN,
        "Normalized EBITDA": NaN,
        "Total Unusual Items": NaN,
        "Total Unusual Items Excluding Goodwill": NaN,
        "Net Income From Continuing Operation Net Minority Interest": NaN,
        "Reconciled Depreciation": NaN,
        "Reconciled Cost Of Revenue": NaN,
        "EBITDA": NaN,
        "EBIT": NaN,
        "Net Interest Income": NaN,
        "Interest Expense": NaN,
        "Interest Income": NaN,
        "Normalized Income": NaN,
        "Net Income From Continuing And Discontinued Operation": NaN,
        "Total Expenses": NaN,
        "Total Operating Income As Reported": NaN,
        "Diluted Average Shares": NaN,
        "Basic Average Shares": NaN,
        "Diluted EPS": NaN,
        "Basic EPS": NaN,
        "Diluted NI Availto Com Stockholders": NaN,
        "Net Income Common Stockholders": NaN,
        "Net Income": NaN,
        "Minority Interests": NaN,
        "Net Income Including Noncontrolling Interests": NaN,
        "Net Income Continuous Operations": NaN,
        "Tax Provision": NaN,
        "Pretax Income": NaN,
        "Other Income Expense": NaN,
        "Other Non Operating Income Expenses": NaN,
        "Special Income Charges": NaN,
        "Write Off": NaN,
        "Impairment Of Capital Assets": 325000.0,
        "Earnings From Equity Interest": NaN,
        "Net Non Operating Interest Income Expense": NaN,
        "Interest Expense Non Operating": NaN,
        "Interest Income Non Operating": NaN,
        "Operating Income": NaN,
        "Operating Expense": NaN,
        "Other Operating Expenses": NaN,
        "Research And Development": NaN,
        "Selling General And Administration": NaN,
        "Selling And Marketing Expense": NaN,
        "General And Administrative Expense": NaN,
        "Other Gand A": NaN,
        "Gross Profit": NaN,
        "Cost Of Revenue": NaN,
        "Total Revenue": NaN,
        "Operating Revenue": NaN
    },
    "2022-06-30": {
        "Tax Effect Of Unusual Items": 0.0,
        "Tax Rate For Calcs": 0.0,
        "Normalized EBITDA": -13213000.0,
        "Total Unusual Items": -119000.0,
        "Total Unusual Items Excluding Goodwill": -119000.0,
        "Net Income From Continuing Operation Net Minority Interest": -16553000.0,
        "Reconciled Depreciation": 2008000.0,
        "Reconciled Cost Of Revenue": 57919000.0,
        "EBITDA": -13332000.0,
        "EBIT": -15340000.0,
        "Net Interest Income": -735000.0,
        "Interest Expense": 1209000.0,
        "Interest Income": 474000.0,
        "Normalized Income": -16434000.0,
        "Net Income From Continuing And Discontinued Operation": -16553000.0,
        "Total Expenses": 111097000.0,
        "Total Operating Income As Reported": -15601000.0,
        "Diluted Average Shares": 47074246.0,
        "Basic Average Shares": 47074246.0,
        "Diluted EPS": -0.35,
        "Basic EPS": -0.35,
        "Diluted NI Availto Com Stockholders": -16553000.0,
        "Net Income Common Stockholders": -16553000.0,
        "Net Income": -16553000.0,
        "Minority Interests": -4000.0,
        "Net Income Including Noncontrolling Interests": -16549000.0,
        "Net Income Continuous Operations": -16549000.0,
        "Tax Provision": 0.0,
        "Pretax Income": -16549000.0,
        "Other Income Expense": -332000.0,
        "Other Non Operating Income Expenses": -482000.0,
        "Special Income Charges": -119000.0,
        "Write Off": NaN,
        "Impairment Of Capital Assets": 119000.0,
        "Earnings From Equity Interest": 269000.0,
        "Net Non Operating Interest Income Expense": -735000.0,
        "Interest Expense Non Operating": 1209000.0,
        "Interest Income Non Operating": 474000.0,
        "Operating Income": -15482000.0,
        "Operating Expense": 53178000.0,
        "Other Operating Expenses": 12180000.0,
        "Research And Development": 7796000.0,
        "Selling General And Administration": 33202000.0,
        "Selling And Marketing Expense": 18145000.0,
        "General And Administrative Expense": 15057000.0,
        "Other Gand A": 15057000.0,
        "Gross Profit": 37696000.0,
        "Cost Of Revenue": 57919000.0,
        "Total Revenue": 95615000.0,
        "Operating Revenue": 95615000.0
    },
    "2022-03-31": {
        "Diluted EPS": -0.43,
        "Total Revenue": 84,
        "Gross Profit": 33,
        "Operating Income": -19,
        "EBIT": -17,
        "Net Income": -20
    },
    "2021-12-31": {
        "Diluted EPS": 0.79,
        "Total Revenue": 67,
        "Gross Profit": 21,
        "Operating Income": -23,
        "EBIT": -21,
        "Net Income": -24
    },
    "2021-09-30": {
        "Diluted EPS": -0.33,
        "Total Revenue": 57,
        "Gross Profit": 14,
        "Operating Income": -14,
        "EBIT": -13,
        "Net Income": -15
    },
    "2021-06-30": {
        "Diluted EPS": -1.46,
        "Total Revenue": 51,
        "Gross Profit": 12,
        "Operating Income": -12,
        "EBIT": -11,
        "Net Income": -12
    },
    "2021-03-31": {
        "Diluted EPS": -1.33,
        "Total Revenue": 44,
        "Gross Profit": 10,
        "Operating Income": -10,
        "EBIT": -9,
        "Net Income": -11
    },
    "2020-12-31": {
        "Diluted EPS": -1.34,
        "Total Revenue": 38,
        "Gross Profit": 9,
        "Operating Income": -9,
        "EBIT": -9,
        "Net Income": -10
    },
    "2020-09-30": {
        "Diluted EPS": -1.99,
        "Total Revenue": 42,
        "Gross Profit": 10,
        "Operating Income": -6,
        "EBIT": -5,
        "Net Income": -15
    },
    "2020-06-30": {
        "Diluted EPS": -0.82,
        "Total Revenue": 35,
        "Gross Profit": 8,
        "Operating Income": -6,
        "EBIT": -5,
        "Net Income": -6
    },
    "2020-03-31": {
        "Diluted EPS": -1.17,
        "Total Revenue": 27,
        "Gross Profit": 5,
        "Operating Income": -8,
        "EBIT": -8,
        "Net Income": -9
    },
    "2019-12-31": {
        "Diluted EPS": 0.0,
        "Total Revenue": NaN,
        "Gross Profit": NaN,
        "Operating Income": NaN,
        "EBIT": NaN,
        "Net Income": NaN
    },
    "2023-06-30": {
        "Tax Effect Of Unusual Items": -551.077894,
        "Tax Rate For Calcs": 0.002516,
        "Normalized EBITDA": -22319000.0,
        "Total Unusual Items": -219000.0,
        "Total Unusual Items Excluding Goodwill": -219000.0,
        "Net Income From Continuing Operation Net Minority Interest": -26554000.0,
        "Reconciled Depreciation": 2895000.0,
        "Reconciled Cost Of Revenue": 67452000.0,
        "EBITDA": -22538000.0,
        "EBIT": -25433000.0,
        "Net Interest Income": 1766000.0,
        "Interest Expense": 1193000.0,
        "Interest Income": 2959000.0,
        "Normalized Income": -26335551.077894,
        "Net Income From Continuing And Discontinued Operation": -26554000.0,
        "Total Expenses": 138842000.0,
        "Total Operating Income As Reported": -28053000.0,
        "Diluted Average Shares": 47865990.0,
        "Basic Average Shares": 47865990.0,
        "Diluted EPS": -0.55,
        "Basic EPS": -0.55,
        "Diluted NI Availto Com Stockholders": -26554000.0,
        "Net Income Common Stockholders": -26554000.0,
        "Net Income": -26554000.0,
        "Minority Interests": 5000.0,
        "Net Income Including Noncontrolling Interests": -26559000.0,
        "Net Income Continuous Operations": -26559000.0,
        "Tax Provision": -67000.0,
        "Pretax Income": -26626000.0,
        "Other Income Expense": -558000.0,
        "Other Non Operating Income Expenses": -576000.0,
        "Special Income Charges": -219000.0,
        "Write Off": 219000.0,
        "Impairment Of Capital Assets": NaN,
        "Earnings From Equity Interest": 237000.0,
        "Net Non Operating Interest Income Expense": 1766000.0,
        "Interest Expense Non Operating": 1193000.0,
        "Interest Income Non Operating": 2959000.0,
        "Operating Income": -27834000.0,
        "Operating Expense": 71390000.0,
        "Other Operating Expenses": 14220000.0,
        "Research And Development": 8922000.0,
        "Selling General And Administration": 48248000.0,
        "Selling And Marketing Expense": 22666000.0,
        "General And Administrative Expense": 25582000.0,
        "Other Gand A": 25582000.0,
        "Gross Profit": 43556000.0,
        "Cost Of Revenue": 67452000.0,
        "Total Revenue": 111008000.0,
        "Operating Revenue": 111008000.0
    },
    "2023-09-30": {
        "Tax Effect Of Unusual Items": -31710.0,
        "Tax Rate For Calcs": 0.21,
        "Normalized EBITDA": -8037000.0,
        "Total Unusual Items": -151000.0,
        "Total Unusual Items Excluding Goodwill": -151000.0,
        "Net Income From Continuing Operation Net Minority Interest": -12023000.0,
        "Reconciled Depreciation": 2478000.0,
        "Reconciled Cost Of Revenue": 72678000.0,
        "EBITDA": -8188000.0,
        "EBIT": -10666000.0,
        "Net Interest Income": 1789000.0,
        "Interest Expense": 1205000.0,
        "Interest Income": 2994000.0,
        "Normalized Income": -11903710.0,
        "Net Income From Continuing And Discontinued Operation": -12023000.0,
        "Total Expenses": 131973000.0,
        "Total Operating Income As Reported": -13197000.0,
        "Diluted Average Shares": 47989277.0,
        "Basic Average Shares": 47989277.0,
        "Diluted EPS": -0.25,
        "Basic EPS": -0.25,
        "Diluted NI Availto Com Stockholders": -12023000.0,
        "Net Income Common Stockholders": -12023000.0,
        "Net Income": -12023000.0,
        "Minority Interests": -13000.0,
        "Net Income Including Noncontrolling Interests": -12010000.0,
        "Net Income Continuous Operations": -12010000.0,
        "Tax Provision": 139000.0,
        "Pretax Income": -11871000.0,
        "Other Income Expense": -614000.0,
        "Other Non Operating Income Expenses": -597000.0,
        "Special Income Charges": -151000.0,
        "Write Off": 151000.0,
        "Impairment Of Capital Assets": NaN,
        "Earnings From Equity Interest": 134000.0,
        "Net Non Operating Interest Income Expense": 1789000.0,
        "Interest Expense Non Operating": 1205000.0,
        "Interest Income Non Operating": 2994000.0,
        "Operating Income": -13046000.0,
        "Operating Expense": 59295000.0,
        "Other Operating Expenses": 12622000.0,
        "Research And Development": 8523000.0,
        "Selling General And Administration": 38150000.0,
        "Selling And Marketing Expense": 23210000.0,
        "General And Administrative Expense": 14940000.0,
        "Other Gand A": 14940000.0,
        "Gross Profit": 46249000.0,
        "Cost Of Revenue": 72678000.0,
        "Total Revenue": 118927000.0,
        "Operating Revenue": 118927000.0
    },
    "2023-12-31": {
        "Tax Effect Of Unusual Items": 0.0,
        "Tax Rate For Calcs": 0.050477,
        "Normalized EBITDA": -7127000.0,
        "Total Unusual Items": 0.0,
        "Total Unusual Items Excluding Goodwill": 0.0,
        "Net Income From Continuing Operation Net Minority Interest": -10551000.0,
        "Reconciled Depreciation": 2799000.0,
        "Reconciled Cost Of Revenue": 79060000.0,
        "EBITDA": -7127000.0,
        "EBIT": -9926000.0,
        "Net Interest Income": 1771000.0,
        "Interest Expense": 1188000.0,
        "Interest Income": 2959000.0,
        "Normalized Income": -10551000.0,
        "Net Income From Continuing And Discontinued Operation": -10551000.0,
        "Total Expenses": 140684000.0,
        "Total Operating Income As Reported": -12539000.0,
        "Diluted Average Shares": NaN,
        "Basic Average Shares": NaN,
        "Diluted EPS": NaN,
        "Basic EPS": NaN,
        "Diluted NI Availto Com Stockholders": -10551000.0,
        "Net Income Common Stockholders": -10551000.0,
        "Net Income": -10551000.0,
        "Minority Interests": 2000.0,
        "Net Income Including Noncontrolling Interests": -10553000.0,
        "Net Income Continuous Operations": -10553000.0,
        "Tax Provision": -561000.0,
        "Pretax Income": -11114000.0,
        "Other Income Expense": -346000.0,
        "Other Non Operating Income Expenses": -355000.0,
        "Special Income Charges": 0.0,
        "Write Off": 0.0,
        "Impairment Of Capital Assets": NaN,
        "Earnings From Equity Interest": 9000.0,
        "Net Non Operating Interest Income Expense": 1771000.0,
        "Interest Expense Non Operating": 1188000.0,
        "Interest Income Non Operating": 2959000.0,
        "Operating Income": -12539000.0,
        "Operating Expense": 61624000.0,
        "Other Operating Expenses": 12922000.0,
        "Research And Development": 8892000.0,
        "Selling General And Administration": 39810000.0,
        "Selling And Marketing Expense": 25373000.0,
        "General And Administrative Expense": 14437000.0,
        "Other Gand A": 14437000.0,
        "Gross Profit": 49085000.0,
        "Cost Of Revenue": 79060000.0,
        "Total Revenue": 128145000.0,
        "Operating Revenue": 128145000.0
    },
    "2024-03-31": {
        "Tax Effect Of Unusual Items": 0.0,
        "Tax Rate For Calcs": 0.0,
        "Normalized EBITDA": -12262000.0,
        "Total Unusual Items": 0.0,
        "Total Unusual Items Excluding Goodwill": 0.0,
        "Net Income From Continuing Operation Net Minority Interest": -16616000.0,
        "Reconciled Depreciation": 3153000.0,
        "Reconciled Cost Of Revenue": 74788000.0,
        "EBITDA": -12262000.0,
        "EBIT": -15415000.0,
        "Net Interest Income": 1543000.0,
        "Interest Expense": 1189000.0,
        "Interest Income": 2732000.0,
        "Normalized Income": -16616000.0,
        "Net Income From Continuing And Discontinued Operation": -16616000.0,
        "Total Expenses": 140547000.0,
        "Total Operating Income As Reported": -17857000.0,
        "Diluted Average Shares": 48577980.0,
        "Basic Average Shares": 48577980.0,
        "Diluted EPS": -0.34,
        "Basic EPS": -0.34,
        "Diluted NI Availto Com Stockholders": -16616000.0,
        "Net Income Common Stockholders": -16616000.0,
        "Net Income": -16616000.0,
        "Minority Interests": -12000.0,
        "Net Income Including Noncontrolling Interests": -16604000.0,
        "Net Income Continuous Operations": -16604000.0,
        "Tax Provision": 0.0,
        "Pretax Income": -16604000.0,
        "Other Income Expense": -290000.0,
        "Other Non Operating Income Expenses": -387000.0,
        "Special Income Charges": 0.0,
        "Write Off": 0.0,
        "Impairment Of Capital Assets": NaN,
        "Earnings From Equity Interest": 97000.0,
        "Net Non Operating Interest Income Expense": 1543000.0,
        "Interest Expense Non Operating": 1189000.0,
        "Interest Income Non Operating": 2732000.0,
        "Operating Income": -17857000.0,
        "Operating Expense": 65759000.0,
        "Other Operating Expenses": 14047000.0,
        "Research And Development": 9590000.0,
        "Selling General And Administration": 42122000.0,
        "Selling And Marketing Expense": 27200000.0,
        "General And Administrative Expense": 14922000.0,
        "Other Gand A": 14922000.0,
        "Gross Profit": 47902000.0,
        "Cost Of Revenue": 74788000.0,
        "Total Revenue": 122690000.0,
        "Operating Revenue": 122690000.0
    }
}