{
    "2023-03-31": {
        "Tax Effect Of Unusual Items": NaN,
        "Tax Rate For Calcs": NaN,
        "Normalized EBITDA": NaN,
        "Total Unusual Items": NaN,
        "Total Unusual Items Excluding Goodwill": NaN,
        "Net Income From Continuing Operation Net Minority Interest": NaN,
        "Reconciled Depreciation": NaN,
        "EBITDA": NaN,
        "EBIT": NaN,
        "Net Interest Income": NaN,
        "Interest Expense": NaN,
        "Interest Income": NaN,
        "Normalized Income": NaN,
        "Net Income From Continuing And Discontinued Operation": NaN,
        "Total Expenses": NaN,
        "Total Operating Income As Reported": NaN,
        "Diluted Average Shares": NaN,
        "Basic Average Shares": NaN,
        "Diluted EPS": NaN,
        "Basic EPS": NaN,
        "Diluted NI Availto Com Stockholders": NaN,
        "Net Income Common Stockholders": NaN,
        "Net Income": NaN,
        "Minority Interests": 0.0,
        "Net Income Including Noncontrolling Interests": NaN,
        "Net Income Continuous Operations": NaN,
        "Tax Provision": NaN,
        "Pretax Income": NaN,
        "Other Income Expense": NaN,
        "Other Non Operating Income Expenses": -13000.0,
        "Special Income Charges": 0.0,
        "Write Off": 0.0,
        "Gain On Sale Of Security": NaN,
        "Net Non Operating Interest Income Expense": NaN,
        "Interest Expense Non Operating": NaN,
        "Interest Income Non Operating": NaN,
        "Operating Income": NaN,
        "Operating Expense": NaN,
        "Research And Development": NaN,
        "Selling General And Administration": NaN,
        "General And Administrative Expense": NaN,
        "Other Gand A": NaN,
        "Total Revenue": NaN,
        "Operating Revenue": NaN
    },
    "2022-12-31": {
        "Tax Effect Of Unusual Items": NaN,
        "Tax Rate For Calcs": NaN,
        "Normalized EBITDA": NaN,
        "Total Unusual Items": NaN,
        "Total Unusual Items Excluding Goodwill": NaN,
        "Net Income From Continuing Operation Net Minority Interest": NaN,
        "Reconciled Depreciation": NaN,
        "EBITDA": NaN,
        "EBIT": NaN,
        "Net Interest Income": NaN,
        "Interest Expense": NaN,
        "Interest Income": NaN,
        "Normalized Income": NaN,
        "Net Income From Continuing And Discontinued Operation": NaN,
        "Total Expenses": NaN,
        "Total Operating Income As Reported": NaN,
        "Diluted Average Shares": NaN,
        "Basic Average Shares": NaN,
        "Diluted EPS": NaN,
        "Basic EPS": NaN,
        "Diluted NI Availto Com Stockholders": NaN,
        "Net Income Common Stockholders": NaN,
        "Net Income": NaN,
        "Minority Interests": NaN,
        "Net Income Including Noncontrolling Interests": NaN,
        "Net Income Continuous Operations": NaN,
        "Tax Provision": -415000.0,
        "Pretax Income": NaN,
        "Other Income Expense": NaN,
        "Other Non Operating Income Expenses": NaN,
        "Special Income Charges": NaN,
        "Write Off": NaN,
        "Gain On Sale Of Security": NaN,
        "Net Non Operating Interest Income Expense": NaN,
        "Interest Expense Non Operating": NaN,
        "Interest Income Non Operating": NaN,
        "Operating Income": NaN,
        "Operating Expense": NaN,
        "Research And Development": NaN,
        "Selling General And Administration": NaN,
        "General And Administrative Expense": NaN,
        "Other Gand A": NaN,
        "Total Revenue": NaN,
        "Operating Revenue": NaN
    },
    "2022-09-30": {
        "Tax Effect Of Unusual Items": NaN,
        "Tax Rate For Calcs": NaN,
        "Normalized EBITDA": NaN,
        "Total Unusual Items": NaN,
        "Total Unusual Items Excluding Goodwill": NaN,
        "Net Income From Continuing Operation Net Minority Interest": NaN,
        "Reconciled Depreciation": NaN,
        "EBITDA": NaN,
        "EBIT": NaN,
        "Net Interest Income": NaN,
        "Interest Income": NaN,
        "Normalized Income": NaN,
        "Net Income From Continuing And Discontinued Operation": NaN,
        "Total Expenses": NaN,
        "Total Operating Income As Reported": NaN,
        "Diluted Average Shares": NaN,
        "Basic Average Shares": NaN,
        "Diluted EPS": NaN,
        "Basic EPS": NaN,
        "Diluted NI Availto Com Stockholders": NaN,
        "Net Income Common Stockholders": NaN,
        "Net Income": NaN,
        "Minority Interests": NaN,
        "Net Income Including Noncontrolling Interests": NaN,
        "Net Income Continuous Operations": NaN,
        "Tax Provision": 1088000.0,
        "Pretax Income": NaN,
        "Other Income Expense": NaN,
        "Other Non Operating Income Expenses": NaN,
        "Special Income Charges": NaN,
        "Write Off": NaN,
        "Gain On Sale Of Security": NaN,
        "Net Non Operating Interest Income Expense": NaN,
        "Interest Income Non Operating": NaN,
        "Operating Income": NaN,
        "Operating Expense": NaN,
        "Research And Development": NaN,
        "Selling General And Administration": NaN,
        "General And Administrative Expense": NaN,
        "Other Gand A": NaN,
        "Total Revenue": NaN,
        "Operating Revenue": NaN
    },
    "2022-06-30": {
        "Tax Effect Of Unusual Items": 0.0,
        "Tax Rate For Calcs": 0.0,
        "Normalized EBITDA": -19231000.0,
        "Total Unusual Items": -6545000.0,
        "Total Unusual Items Excluding Goodwill": -6545000.0,
        "Net Income From Continuing Operation Net Minority Interest": -33975000.0,
        "Reconciled Depreciation": 2224000.0,
        "EBITDA": -25776000.0,
        "EBIT": -28000000.0,
        "Net Interest Income": 717000.0,
        "Interest Income": 717000.0,
        "Normalized Income": -27430000.0,
        "Net Income From Continuing And Discontinued Operation": -33975000.0,
        "Total Expenses": 58175000.0,
        "Total Operating Income As Reported": -28000000.0,
        "Diluted Average Shares": 59567139.0,
        "Basic Average Shares": 59567139.0,
        "Diluted EPS": -0.57,
        "Basic EPS": -0.57,
        "Diluted NI Availto Com Stockholders": -33975000.0,
        "Net Income Common Stockholders": -33975000.0,
        "Net Income": -33975000.0,
        "Net Income Including Noncontrolling Interests": -33975000.0,
        "Net Income Continuous Operations": -33975000.0,
        "Tax Provision": NaN,
        "Pretax Income": -33975000.0,
        "Other Income Expense": -6692000.0,
        "Other Non Operating Income Expenses": -147000.0,
        "Gain On Sale Of Security": -6545000.0,
        "Net Non Operating Interest Income Expense": 717000.0,
        "Interest Income Non Operating": 717000.0,
        "Operating Income": -28000000.0,
        "Operating Expense": 58175000.0,
        "Research And Development": 47084000.0,
        "Selling General And Administration": 11091000.0,
        "General And Administrative Expense": 11091000.0,
        "Other Gand A": 11091000.0,
        "Total Revenue": 30175000.0,
        "Operating Revenue": 30175000.0
    },
    "2023-06-30": {
        "Tax Effect Of Unusual Items": NaN,
        "Tax Rate For Calcs": NaN,
        "Normalized EBITDA": NaN,
        "Total Unusual Items": NaN,
        "Total Unusual Items Excluding Goodwill": NaN,
        "Net Income From Continuing Operation Net Minority Interest": NaN,
        "Reconciled Depreciation": NaN,
        "EBITDA": NaN,
        "EBIT": NaN,
        "Net Interest Income": NaN,
        "Interest Expense": 7000.0,
        "Interest Income": NaN,
        "Normalized Income": NaN,
        "Net Income From Continuing And Discontinued Operation": NaN,
        "Total Expenses": NaN,
        "Total Operating Income As Reported": NaN,
        "Diluted Average Shares": NaN,
        "Basic Average Shares": NaN,
        "Diluted EPS": NaN,
        "Basic EPS": NaN,
        "Diluted NI Availto Com Stockholders": NaN,
        "Net Income Common Stockholders": NaN,
        "Net Income": NaN,
        "Minority Interests": 0.0,
        "Net Income Including Noncontrolling Interests": NaN,
        "Net Income Continuous Operations": NaN,
        "Tax Provision": 0.0,
        "Pretax Income": NaN,
        "Other Income Expense": NaN,
        "Other Non Operating Income Expenses": -9000.0,
        "Special Income Charges": 0.0,
        "Write Off": 0.0,
        "Gain On Sale Of Security": NaN,
        "Net Non Operating Interest Income Expense": NaN,
        "Interest Expense Non Operating": 7000.0,
        "Interest Income Non Operating": NaN,
        "Operating Income": NaN,
        "Operating Expense": NaN,
        "Research And Development": NaN,
        "Selling General And Administration": NaN,
        "General And Administrative Expense": NaN,
        "Other Gand A": NaN,
        "Total Revenue": NaN,
        "Operating Revenue": NaN
    },
    "2022-03-31": {
        "Diluted EPS": 0.39,
        "Total Revenue": 85,
        "Gross Profit": 85,
        "Operating Income": 26,
        "EBIT": 29,
        "Net Income": 24
    },
    "2021-12-31": {
        "Diluted EPS": 1.23,
        "Total Revenue": 154,
        "Gross Profit": 154,
        "Operating Income": 92,
        "EBIT": 94,
        "Net Income": 73
    },
    "2021-09-30": {
        "Diluted EPS": -0.69,
        "Total Revenue": 20,
        "Gross Profit": 20,
        "Operating Income": -41,
        "EBIT": -38,
        "Net Income": -40
    },
    "2021-06-30": {
        "Diluted EPS": 0.87,
        "Total Revenue": 67,
        "Gross Profit": 67,
        "Operating Income": 9,
        "EBIT": 12,
        "Net Income": 52
    },
    "2021-03-31": {
        "Diluted EPS": -0.04,
        "Total Revenue": 34,
        "Gross Profit": 34,
        "Operating Income": -16,
        "EBIT": -13,
        "Net Income": -2
    },
    "2020-12-31": {
        "Diluted EPS": -0.24,
        "Total Revenue": 42,
        "Gross Profit": 42,
        "Operating Income": -14,
        "EBIT": -11,
        "Net Income": -14
    },
    "2020-09-30": {
        "Diluted EPS": -0.22,
        "Total Revenue": 35,
        "Gross Profit": 35,
        "Operating Income": -17,
        "EBIT": -15,
        "Net Income": -13
    },
    "2020-06-30": {
        "Diluted EPS": -0.61,
        "Total Revenue": 13,
        "Gross Profit": 13,
        "Operating Income": -38,
        "EBIT": -36,
        "Net Income": -35
    },
    "2020-03-31": {
        "Diluted EPS": -0.14,
        "Total Revenue": 32,
        "Gross Profit": 32,
        "Operating Income": -9,
        "EBIT": -8,
        "Net Income": -8
    },
    "2019-12-31": {
        "Diluted EPS": -0.46,
        "Total Revenue": 4,
        "Gross Profit": 4,
        "Operating Income": -31,
        "EBIT": -30,
        "Net Income": -27
    },
    "2019-09-30": {
        "Diluted EPS": -0.18,
        "Total Revenue": 22,
        "Gross Profit": 22,
        "Operating Income": -14,
        "EBIT": -15,
        "Net Income": -10
    },
    "2019-06-30": {
        "Diluted EPS": -0.28,
        "Total Revenue": 19,
        "Gross Profit": 19,
        "Operating Income": -20,
        "EBIT": -20,
        "Net Income": -16
    },
    "2019-03-31": {
        "Diluted EPS": 1.38,
        "Total Revenue": 112,
        "Gross Profit": 112,
        "Operating Income": 78,
        "EBIT": 79,
        "Net Income": 80
    },
    "2018-12-31": {
        "Diluted EPS": -0.28,
        "Total Revenue": 12,
        "Gross Profit": 12,
        "Operating Income": -21,
        "EBIT": -21,
        "Net Income": -18
    },
    "2018-09-30": {
        "Diluted EPS": 0.05,
        "Total Revenue": 29,
        "Gross Profit": 29,
        "Operating Income": 1,
        "EBIT": 1,
        "Net Income": 3
    },
    "2018-06-30": {
        "Diluted EPS": -0.46,
        "Total Revenue": NaN,
        "Gross Profit": NaN,
        "Operating Income": -28,
        "EBIT": -27,
        "Net Income": -26
    },
    "2018-03-31": {
        "Diluted EPS": -0.62,
        "Total Revenue": NaN,
        "Gross Profit": NaN,
        "Operating Income": -31,
        "EBIT": -29,
        "Net Income": -29
    },
    "2017-12-31": {
        "Diluted EPS": 0.16,
        "Total Revenue": 30,
        "Gross Profit": 30,
        "Operating Income": 5,
        "EBIT": 7,
        "Net Income": 7
    },
    "2017-09-30": {
        "Diluted EPS": -0.48,
        "Total Revenue": NaN,
        "Gross Profit": NaN,
        "Operating Income": -24,
        "EBIT": -22,
        "Net Income": -23
    },
    "2017-06-30": {
        "Diluted EPS": -0.17,
        "Total Revenue": 13,
        "Gross Profit": 13,
        "Operating Income": -9,
        "EBIT": -7,
        "Net Income": -8
    },
    "2017-03-31": {
        "Diluted EPS": -0.33,
        "Total Revenue": 4,
        "Gross Profit": 4,
        "Operating Income": -16,
        "EBIT": -15,
        "Net Income": -15
    },
    "2016-12-31": {
        "Diluted EPS": 0.3,
        "Total Revenue": 28,
        "Gross Profit": 28,
        "Operating Income": 11,
        "EBIT": 13,
        "Net Income": 12
    },
    "2016-09-30": {
        "Diluted EPS": -0.2,
        "Total Revenue": 8,
        "Gross Profit": 8,
        "Operating Income": -9,
        "EBIT": -8,
        "Net Income": -8
    },
    "2016-06-30": {
        "Diluted EPS": 1.13,
        "Total Revenue": 66,
        "Gross Profit": 66,
        "Operating Income": 49,
        "EBIT": 49,
        "Net Income": 47
    },
    "2016-03-31": {
        "Diluted EPS": -0.16,
        "Total Revenue": 7,
        "Gross Profit": 7,
        "Operating Income": -7,
        "EBIT": -6,
        "Net Income": -6
    },
    "2015-12-31": {
        "Diluted EPS": 0.21,
        "Total Revenue": 22,
        "Gross Profit": 22,
        "Operating Income": 7,
        "EBIT": 8,
        "Net Income": 8
    },
    "2015-09-30": {
        "Diluted EPS": -0.25,
        "Total Revenue": 4,
        "Gross Profit": 4,
        "Operating Income": -10,
        "EBIT": -9,
        "Net Income": -10
    },
    "2015-06-30": {
        "Diluted EPS": -0.22,
        "Total Revenue": 1,
        "Gross Profit": 1,
        "Operating Income": -9,
        "EBIT": -9,
        "Net Income": -9
    },
    "2015-03-31": {
        "Diluted EPS": -0.19,
        "Total Revenue": 1,
        "Gross Profit": 1,
        "Operating Income": -6,
        "EBIT": -6,
        "Net Income": -6
    },
    "2014-12-31": {
        "Diluted EPS": -0.04,
        "Total Revenue": 6,
        "Gross Profit": 6,
        "Operating Income": -1,
        "EBIT": -1,
        "Net Income": -1
    },
    "2014-09-30": {
        "Diluted EPS": -0.2,
        "Total Revenue": 1,
        "Gross Profit": 1,
        "Operating Income": -6,
        "EBIT": -6,
        "Net Income": -6
    },
    "2014-06-30": {
        "Diluted EPS": -0.16,
        "Total Revenue": 1,
        "Gross Profit": 1,
        "Operating Income": -5,
        "EBIT": -5,
        "Net Income": -5
    },
    "2014-03-31": {
        "Diluted EPS": -0.12,
        "Total Revenue": 2,
        "Gross Profit": 2,
        "Operating Income": -4,
        "EBIT": -3,
        "Net Income": -4
    },
    "2013-12-31": {
        "Diluted EPS": 121.68,
        "Total Revenue": 2,
        "Gross Profit": 2,
        "Operating Income": -4,
        "EBIT": -3,
        "Net Income": -4
    },
    "2013-09-30": {
        "Diluted EPS": -57.87,
        "Total Revenue": 3,
        "Gross Profit": 3,
        "Operating Income": -2,
        "EBIT": -2,
        "Net Income": -4
    },
    "2013-06-30": {
        "Diluted EPS": -3.88,
        "Total Revenue": 4,
        "Gross Profit": 4,
        "Operating Income": -1,
        "EBIT": -1,
        "Net Income": 97
    },
    "2013-03-31": {
        "Diluted EPS": -63.78,
        "Total Revenue": 1,
        "Gross Profit": 1,
        "Operating Income": -4,
        "EBIT": -4,
        "Net Income": -5
    },
    "2012-12-31": {
        "Diluted EPS": 0.0,
        "Total Revenue": NaN,
        "Gross Profit": NaN,
        "Operating Income": NaN,
        "EBIT": NaN,
        "Net Income": NaN
    },
    "2012-09-30": {
        "Diluted EPS": 0.0,
        "Total Revenue": NaN,
        "Gross Profit": NaN,
        "Operating Income": NaN,
        "EBIT": NaN,
        "Net Income": NaN
    },
    "2011-12-31": {
        "Diluted EPS": 0.0,
        "Total Revenue": NaN,
        "Gross Profit": NaN,
        "Operating Income": NaN,
        "EBIT": NaN,
        "Net Income": NaN
    },
    "2023-09-30": {
        "Tax Effect Of Unusual Items": 0.0,
        "Tax Rate For Calcs": 0.0,
        "Normalized EBITDA": -10099000.0,
        "Total Unusual Items": -11023000.0,
        "Total Unusual Items Excluding Goodwill": -11023000.0,
        "Net Income From Continuing Operation Net Minority Interest": -24269000.0,
        "Reconciled Depreciation": 3140000.0,
        "EBITDA": -21122000.0,
        "EBIT": -24262000.0,
        "Net Interest Income": 5016000.0,
        "Interest Expense": 7000.0,
        "Interest Income": 5023000.0,
        "Normalized Income": -13246000.0,
        "Net Income From Continuing And Discontinued Operation": -24269000.0,
        "Total Expenses": 77434000.0,
        "Total Operating Income As Reported": -18270000.0,
        "Diluted Average Shares": 60621534.0,
        "Basic Average Shares": 60621534.0,
        "Diluted EPS": -0.4,
        "Basic EPS": -0.4,
        "Diluted NI Availto Com Stockholders": -24269000.0,
        "Net Income Common Stockholders": -24269000.0,
        "Net Income": -24269000.0,
        "Minority Interests": 0.0,
        "Net Income Including Noncontrolling Interests": -24269000.0,
        "Net Income Continuous Operations": -24269000.0,
        "Tax Provision": 0.0,
        "Pretax Income": -24269000.0,
        "Other Income Expense": -11015000.0,
        "Other Non Operating Income Expenses": 8000.0,
        "Special Income Charges": 0.0,
        "Write Off": 0.0,
        "Gain On Sale Of Security": -11023000.0,
        "Net Non Operating Interest Income Expense": 5016000.0,
        "Interest Expense Non Operating": 7000.0,
        "Interest Income Non Operating": 5023000.0,
        "Operating Income": -18270000.0,
        "Operating Expense": 77434000.0,
        "Research And Development": 64941000.0,
        "Selling General And Administration": 12493000.0,
        "General And Administrative Expense": 12493000.0,
        "Other Gand A": 12493000.0,
        "Total Revenue": 59164000.0,
        "Operating Revenue": 59164000.0
    },
    "2023-12-31": {
        "Tax Effect Of Unusual Items": 2779980.0,
        "Tax Rate For Calcs": 0.21,
        "Normalized EBITDA": -45019000.0,
        "Total Unusual Items": 13238000.0,
        "Total Unusual Items Excluding Goodwill": 13238000.0,
        "Net Income From Continuing Operation Net Minority Interest": -19101000.0,
        "Reconciled Depreciation": 3228000.0,
        "EBITDA": -31781000.0,
        "EBIT": -35009000.0,
        "Net Interest Income": 6954000.0,
        "Interest Expense": NaN,
        "Interest Income": 6954000.0,
        "Normalized Income": -29559020.0,
        "Net Income From Continuing And Discontinued Operation": -19101000.0,
        "Total Expenses": 79698000.0,
        "Total Operating Income As Reported": -35009000.0,
        "Diluted Average Shares": 60847854.0,
        "Basic Average Shares": 60847854.0,
        "Diluted EPS": -0.31,
        "Basic EPS": -0.31,
        "Diluted NI Availto Com Stockholders": -19101000.0,
        "Net Income Common Stockholders": -19101000.0,
        "Net Income": -19101000.0,
        "Minority Interests": NaN,
        "Net Income Including Noncontrolling Interests": -19264000.0,
        "Net Income Continuous Operations": -19264000.0,
        "Tax Provision": 5811000.0,
        "Pretax Income": -13453000.0,
        "Other Income Expense": 14602000.0,
        "Other Non Operating Income Expenses": 1364000.0,
        "Special Income Charges": NaN,
        "Write Off": NaN,
        "Gain On Sale Of Security": 13238000.0,
        "Net Non Operating Interest Income Expense": 6954000.0,
        "Interest Expense Non Operating": NaN,
        "Interest Income Non Operating": 6954000.0,
        "Operating Income": -35009000.0,
        "Operating Expense": 79698000.0,
        "Research And Development": 64220000.0,
        "Selling General And Administration": 15478000.0,
        "General And Administrative Expense": 15478000.0,
        "Other Gand A": 15478000.0,
        "Total Revenue": 44689000.0,
        "Operating Revenue": 44689000.0
    },
    "2024-03-31": {
        "Tax Effect Of Unusual Items": 0.0,
        "Tax Rate For Calcs": 0.0,
        "Normalized EBITDA": -36495000.0,
        "Total Unusual Items": -18325000.0,
        "Total Unusual Items Excluding Goodwill": -18325000.0,
        "Net Income From Continuing Operation Net Minority Interest": -68033000.0,
        "Reconciled Depreciation": 3035000.0,
        "EBITDA": -54820000.0,
        "EBIT": -57855000.0,
        "Net Interest Income": 7471000.0,
        "Interest Expense": NaN,
        "Interest Income": 7471000.0,
        "Normalized Income": -49708000.0,
        "Net Income From Continuing And Discontinued Operation": -68033000.0,
        "Total Expenses": 70660000.0,
        "Total Operating Income As Reported": -57855000.0,
        "Diluted Average Shares": 61212324.0,
        "Basic Average Shares": 61212324.0,
        "Diluted EPS": -1.11,
        "Basic EPS": -1.11,
        "Diluted NI Availto Com Stockholders": -68033000.0,
        "Net Income Common Stockholders": -68033000.0,
        "Net Income": -68033000.0,
        "Minority Interests": 676000.0,
        "Net Income Including Noncontrolling Interests": -68709000.0,
        "Net Income Continuous Operations": -68709000.0,
        "Tax Provision": NaN,
        "Pretax Income": -68709000.0,
        "Other Income Expense": -18325000.0,
        "Other Non Operating Income Expenses": NaN,
        "Special Income Charges": -20650000.0,
        "Write Off": 20650000.0,
        "Gain On Sale Of Security": 2325000.0,
        "Net Non Operating Interest Income Expense": 7471000.0,
        "Interest Expense Non Operating": NaN,
        "Interest Income Non Operating": 7471000.0,
        "Operating Income": -57855000.0,
        "Operating Expense": 70660000.0,
        "Research And Development": 56873000.0,
        "Selling General And Administration": 13787000.0,
        "General And Administrative Expense": 13787000.0,
        "Other Gand A": 13787000.0,
        "Total Revenue": 12805000.0,
        "Operating Revenue": 12805000.0
    },
    "2024-06-30": {
        "Tax Effect Of Unusual Items": -2479470.0,
        "Tax Rate For Calcs": 0.21,
        "Normalized EBITDA": -51616000.0,
        "Total Unusual Items": -11807000.0,
        "Total Unusual Items Excluding Goodwill": -11807000.0,
        "Net Income From Continuing Operation Net Minority Interest": -65963000.0,
        "Reconciled Depreciation": 3024000.0,
        "EBITDA": -63423000.0,
        "EBIT": -66447000.0,
        "Net Interest Income": 6837000.0,
        "Interest Expense": 844000.0,
        "Interest Income": 7681000.0,
        "Normalized Income": -56635470.0,
        "Net Income From Continuing And Discontinued Operation": -65963000.0,
        "Total Expenses": 79277000.0,
        "Total Operating Income As Reported": -62317000.0,
        "Diluted Average Shares": 61676444.0,
        "Basic Average Shares": 61676444.0,
        "Diluted EPS": -1.07,
        "Basic EPS": -1.07,
        "Diluted NI Availto Com Stockholders": -65963000.0,
        "Net Income Common Stockholders": -65963000.0,
        "Net Income": -65963000.0,
        "Minority Interests": 1445000.0,
        "Net Income Including Noncontrolling Interests": -67408000.0,
        "Net Income Continuous Operations": -67408000.0,
        "Tax Provision": 117000.0,
        "Pretax Income": -67291000.0,
        "Other Income Expense": -11811000.0,
        "Other Non Operating Income Expenses": -4000.0,
        "Special Income Charges": 220000.0,
        "Write Off": -220000.0,
        "Gain On Sale Of Security": -12027000.0,
        "Net Non Operating Interest Income Expense": 6837000.0,
        "Interest Expense Non Operating": 844000.0,
        "Interest Income Non Operating": 7681000.0,
        "Operating Income": -62317000.0,
        "Operating Expense": 79277000.0,
        "Research And Development": 61531000.0,
        "Selling General And Administration": 17746000.0,
        "General And Administrative Expense": 17746000.0,
        "Other Gand A": 17746000.0,
        "Total Revenue": 16960000.0,
        "Operating Revenue": 16960000.0
    },
    "2024-09-30": {
        "Tax Effect Of Unusual Items": 0.0,
        "Tax Rate For Calcs": 0.0,
        "Normalized EBITDA": -51702000.0,
        "Total Unusual Items": 9254000.0,
        "Total Unusual Items Excluding Goodwill": 9254000.0,
        "Net Income From Continuing Operation Net Minority Interest": -45143000.0,
        "Reconciled Depreciation": 3054000.0,
        "EBITDA": -42448000.0,
        "EBIT": -45502000.0,
        "Net Interest Income": 6742000.0,
        "Interest Expense": 795000.0,
        "Interest Income": 7537000.0,
        "Normalized Income": -54397000.0,
        "Net Income From Continuing And Discontinued Operation": -45143000.0,
        "Total Expenses": 72993000.0,
        "Total Operating Income As Reported": -62283000.0,
        "Diluted Average Shares": 64022547.0,
        "Basic Average Shares": 64022547.0,
        "Diluted EPS": -0.71,
        "Basic EPS": -0.71,
        "Diluted NI Availto Com Stockholders": -45143000.0,
        "Net Income Common Stockholders": -45143000.0,
        "Net Income": -45143000.0,
        "Minority Interests": 1154000.0,
        "Net Income Including Noncontrolling Interests": -46297000.0,
        "Net Income Continuous Operations": -46297000.0,
        "Tax Provision": 0.0,
        "Pretax Income": -46297000.0,
        "Other Income Expense": 9244000.0,
        "Other Non Operating Income Expenses": -10000.0,
        "Special Income Charges": 0.0,
        "Write Off": 0.0,
        "Gain On Sale Of Security": 9254000.0,
        "Net Non Operating Interest Income Expense": 6742000.0,
        "Interest Expense Non Operating": 795000.0,
        "Interest Income Non Operating": 7537000.0,
        "Operating Income": -62283000.0,
        "Operating Expense": 72993000.0,
        "Research And Development": 58226000.0,
        "Selling General And Administration": 14767000.0,
        "General And Administrative Expense": 14767000.0,
        "Other Gand A": 14767000.0,
        "Total Revenue": 10710000.0,
        "Operating Revenue": 10710000.0
    }
}