{
    "2023-03-31": {
        "Tax Effect Of Unusual Items": NaN,
        "Tax Rate For Calcs": NaN,
        "Normalized EBITDA": NaN,
        "Total Unusual Items": 181000.0,
        "Total Unusual Items Excluding Goodwill": 181000.0,
        "Net Income From Continuing Operation Net Minority Interest": NaN,
        "Reconciled Cost Of Revenue": NaN,
        "EBITDA": NaN,
        "EBIT": NaN,
        "Net Interest Income": NaN,
        "Interest Expense": NaN,
        "Interest Income": NaN,
        "Normalized Income": NaN,
        "Net Income From Continuing And Discontinued Operation": NaN,
        "Total Expenses": NaN,
        "Total Operating Income As Reported": NaN,
        "Diluted Average Shares": NaN,
        "Basic Average Shares": NaN,
        "Diluted EPS": NaN,
        "Basic EPS": NaN,
        "Diluted NI Availto Com Stockholders": NaN,
        "Net Income Common Stockholders": NaN,
        "Net Income": NaN,
        "Minority Interests": NaN,
        "Net Income Including Noncontrolling Interests": NaN,
        "Net Income Continuous Operations": NaN,
        "Tax Provision": NaN,
        "Pretax Income": NaN,
        "Other Income Expense": NaN,
        "Other Non Operating Income Expenses": NaN,
        "Special Income Charges": 181000.0,
        "Write Off": -181000.0,
        "Net Non Operating Interest Income Expense": NaN,
        "Interest Expense Non Operating": NaN,
        "Interest Income Non Operating": NaN,
        "Operating Income": NaN,
        "Operating Expense": NaN,
        "Provision For Doubtful Accounts": NaN,
        "Research And Development": NaN,
        "Selling General And Administration": NaN,
        "Selling And Marketing Expense": NaN,
        "General And Administrative Expense": NaN,
        "Other Gand A": NaN,
        "Gross Profit": NaN,
        "Cost Of Revenue": NaN,
        "Total Revenue": NaN,
        "Excise Taxes": NaN,
        "Operating Revenue": NaN
    },
    "2022-12-31": {
        "Tax Effect Of Unusual Items": NaN,
        "Tax Rate For Calcs": NaN,
        "Normalized EBITDA": NaN,
        "Total Unusual Items": NaN,
        "Total Unusual Items Excluding Goodwill": NaN,
        "Net Income From Continuing Operation Net Minority Interest": NaN,
        "Reconciled Cost Of Revenue": NaN,
        "EBITDA": NaN,
        "EBIT": NaN,
        "Net Interest Income": NaN,
        "Interest Expense": NaN,
        "Interest Income": NaN,
        "Normalized Income": NaN,
        "Net Income From Continuing And Discontinued Operation": NaN,
        "Total Expenses": NaN,
        "Total Operating Income As Reported": NaN,
        "Diluted Average Shares": 66055450.0,
        "Basic Average Shares": 66009999.0,
        "Diluted EPS": 0.0245,
        "Basic EPS": 0.0245,
        "Diluted NI Availto Com Stockholders": NaN,
        "Net Income Common Stockholders": NaN,
        "Net Income": NaN,
        "Minority Interests": NaN,
        "Net Income Including Noncontrolling Interests": NaN,
        "Net Income Continuous Operations": NaN,
        "Tax Provision": NaN,
        "Pretax Income": NaN,
        "Other Income Expense": NaN,
        "Other Non Operating Income Expenses": NaN,
        "Special Income Charges": NaN,
        "Write Off": NaN,
        "Net Non Operating Interest Income Expense": NaN,
        "Interest Expense Non Operating": NaN,
        "Interest Income Non Operating": NaN,
        "Operating Income": NaN,
        "Operating Expense": NaN,
        "Research And Development": NaN,
        "Selling General And Administration": NaN,
        "Selling And Marketing Expense": NaN,
        "General And Administrative Expense": NaN,
        "Other Gand A": NaN,
        "Gross Profit": NaN,
        "Cost Of Revenue": NaN,
        "Total Revenue": NaN,
        "Excise Taxes": NaN,
        "Operating Revenue": NaN
    },
    "2022-09-30": {
        "Tax Effect Of Unusual Items": 3907.980296,
        "Tax Rate For Calcs": 0.177635,
        "Normalized EBITDA": 10152000.0,
        "Total Unusual Items": 22000.0,
        "Total Unusual Items Excluding Goodwill": 22000.0,
        "Net Income From Continuing Operation Net Minority Interest": 8350000.0,
        "Reconciled Cost Of Revenue": 52845000.0,
        "EBITDA": 10174000.0,
        "EBIT": 10174000.0,
        "Net Interest Income": 421000.0,
        "Interest Expense": 24000.0,
        "Interest Income": 445000.0,
        "Normalized Income": 8331907.980296,
        "Net Income From Continuing And Discontinued Operation": 8350000.0,
        "Total Expenses": 83028000.0,
        "Total Operating Income As Reported": 5060000.0,
        "Diluted Average Shares": 67496313.0,
        "Basic Average Shares": 67480353.0,
        "Diluted EPS": 0.1235,
        "Basic EPS": 0.1235,
        "Diluted NI Availto Com Stockholders": 8350000.0,
        "Net Income Common Stockholders": 8350000.0,
        "Net Income": 8350000.0,
        "Minority Interests": 3000.0,
        "Net Income Including Noncontrolling Interests": 8347000.0,
        "Net Income Continuous Operations": 8347000.0,
        "Tax Provision": 1803000.0,
        "Pretax Income": 10150000.0,
        "Other Income Expense": 4691000.0,
        "Other Non Operating Income Expenses": 4669000.0,
        "Special Income Charges": 22000.0,
        "Write Off": -22000.0,
        "Net Non Operating Interest Income Expense": 421000.0,
        "Interest Expense Non Operating": 24000.0,
        "Interest Income Non Operating": 445000.0,
        "Operating Income": 5038000.0,
        "Operating Expense": 30183000.0,
        "Research And Development": 16161000.0,
        "Selling General And Administration": 14022000.0,
        "Selling And Marketing Expense": 5784000.0,
        "General And Administrative Expense": 8238000.0,
        "Other Gand A": 8238000.0,
        "Gross Profit": 35221000.0,
        "Cost Of Revenue": 52845000.0,
        "Total Revenue": 88066000.0,
        "Excise Taxes": 217000.0,
        "Operating Revenue": 88283000.0
    },
    "2022-06-30": {
        "Tax Effect Of Unusual Items": 6506.5,
        "Tax Rate For Calcs": 0.25025,
        "Normalized EBITDA": 7997000.0,
        "Total Unusual Items": 26000.0,
        "Total Unusual Items Excluding Goodwill": 26000.0,
        "Net Income From Continuing Operation Net Minority Interest": 6017000.0,
        "Reconciled Cost Of Revenue": 44282000.0,
        "EBITDA": 8023000.0,
        "EBIT": 8023000.0,
        "Net Interest Income": 285000.0,
        "Interest Expense": 23000.0,
        "Interest Income": 308000.0,
        "Normalized Income": 5997506.5,
        "Net Income From Continuing And Discontinued Operation": 6017000.0,
        "Total Expenses": 77310000.0,
        "Total Operating Income As Reported": 736000.0,
        "Diluted Average Shares": 67924882.0,
        "Basic Average Shares": 67902838.0,
        "Diluted EPS": 0.0885,
        "Basic EPS": 0.0885,
        "Diluted NI Availto Com Stockholders": 6017000.0,
        "Net Income Common Stockholders": 6017000.0,
        "Net Income": 6017000.0,
        "Minority Interests": 19000.0,
        "Net Income Including Noncontrolling Interests": 5998000.0,
        "Net Income Continuous Operations": 5998000.0,
        "Tax Provision": 2002000.0,
        "Pretax Income": 8000000.0,
        "Other Income Expense": 7005000.0,
        "Other Non Operating Income Expenses": 6979000.0,
        "Special Income Charges": 26000.0,
        "Write Off": -26000.0,
        "Net Non Operating Interest Income Expense": 285000.0,
        "Interest Expense Non Operating": 23000.0,
        "Interest Income Non Operating": 308000.0,
        "Operating Income": 710000.0,
        "Operating Expense": 33028000.0,
        "Research And Development": 15978000.0,
        "Selling General And Administration": 17050000.0,
        "Selling And Marketing Expense": 5032000.0,
        "General And Administrative Expense": 12018000.0,
        "Other Gand A": 12018000.0,
        "Gross Profit": 33738000.0,
        "Cost Of Revenue": 44282000.0,
        "Total Revenue": 78020000.0,
        "Excise Taxes": 251000.0,
        "Operating Revenue": 78271000.0
    },
    "2022-03-31": {
        "Diluted EPS": 0.08,
        "Total Revenue": 79,
        "Gross Profit": 35,
        "Operating Income": 4,
        "EBIT": 4,
        "Net Income": 5
    },
    "2021-12-31": {
        "Diluted EPS": -0.01,
        "Total Revenue": 71,
        "Gross Profit": 33,
        "Operating Income": -2,
        "EBIT": -2,
        "Net Income": 0
    },
    "2021-09-30": {
        "Diluted EPS": -0.08,
        "Total Revenue": 60,
        "Gross Profit": 29,
        "Operating Income": -6,
        "EBIT": -6,
        "Net Income": -5
    },
    "2021-06-30": {
        "Diluted EPS": 0.0,
        "Total Revenue": 55,
        "Gross Profit": 29,
        "Operating Income": -1,
        "EBIT": -1,
        "Net Income": 0
    },
    "2021-03-31": {
        "Diluted EPS": 0.1,
        "Total Revenue": 53,
        "Gross Profit": 29,
        "Operating Income": 4,
        "EBIT": 4,
        "Net Income": 7
    },
    "2020-12-31": {
        "Diluted EPS": 0.07,
        "Total Revenue": 50,
        "Gross Profit": 27,
        "Operating Income": 4,
        "EBIT": 4,
        "Net Income": 5
    },
    "2020-09-30": {
        "Diluted EPS": -0.02,
        "Total Revenue": 44,
        "Gross Profit": 23,
        "Operating Income": -1,
        "EBIT": -1,
        "Net Income": -1
    },
    "2020-06-30": {
        "Diluted EPS": -0.17,
        "Total Revenue": 44,
        "Gross Profit": 20,
        "Operating Income": -14,
        "EBIT": -14,
        "Net Income": -12
    },
    "2020-03-31": {
        "Diluted EPS": -0.08,
        "Total Revenue": 48,
        "Gross Profit": 24,
        "Operating Income": -8,
        "EBIT": -8,
        "Net Income": -5
    },
    "2019-12-31": {
        "Diluted EPS": -0.34,
        "Total Revenue": 40,
        "Gross Profit": 20,
        "Operating Income": -13,
        "EBIT": -13,
        "Net Income": -22
    },
    "2019-09-30": {
        "Diluted EPS": -0.17,
        "Total Revenue": 44,
        "Gross Profit": 20,
        "Operating Income": -14,
        "EBIT": -14,
        "Net Income": -12
    },
    "2019-06-30": {
        "Diluted EPS": -0.03,
        "Total Revenue": 48,
        "Gross Profit": 22,
        "Operating Income": -12,
        "EBIT": -12,
        "Net Income": -2
    },
    "2019-03-31": {
        "Diluted EPS": -0.27,
        "Total Revenue": 48,
        "Gross Profit": 18,
        "Operating Income": -18,
        "EBIT": -18,
        "Net Income": -18
    },
    "2018-12-31": {
        "Diluted EPS": -0.49,
        "Total Revenue": 42,
        "Gross Profit": 19,
        "Operating Income": -30,
        "EBIT": -30,
        "Net Income": -32
    },
    "2018-09-30": {
        "Diluted EPS": -0.24,
        "Total Revenue": 45,
        "Gross Profit": 24,
        "Operating Income": -18,
        "EBIT": -18,
        "Net Income": -16
    },
    "2018-06-30": {
        "Diluted EPS": 0.01,
        "Total Revenue": 65,
        "Gross Profit": 35,
        "Operating Income": -4,
        "EBIT": -4,
        "Net Income": 1
    },
    "2018-03-31": {
        "Diluted EPS": 0.12,
        "Total Revenue": 78,
        "Gross Profit": 38,
        "Operating Income": 7,
        "EBIT": 7,
        "Net Income": 8
    },
    "2017-12-31": {
        "Diluted EPS": 0.08,
        "Total Revenue": 82,
        "Gross Profit": 40,
        "Operating Income": 4,
        "EBIT": 4,
        "Net Income": 4
    },
    "2017-09-30": {
        "Diluted EPS": -0.39,
        "Total Revenue": 45,
        "Gross Profit": 16,
        "Operating Income": -32,
        "EBIT": -32,
        "Net Income": -26
    },
    "2017-06-30": {
        "Diluted EPS": -0.15,
        "Total Revenue": 38,
        "Gross Profit": 14,
        "Operating Income": -13,
        "EBIT": -13,
        "Net Income": -10
    },
    "2017-03-31": {
        "Diluted EPS": -0.1,
        "Total Revenue": 36,
        "Gross Profit": 13,
        "Operating Income": -13,
        "EBIT": -13,
        "Net Income": -7
    },
    "2016-12-31": {
        "Diluted EPS": -0.11,
        "Total Revenue": 23,
        "Gross Profit": 3,
        "Operating Income": -18,
        "EBIT": -18,
        "Net Income": -7
    },
    "2016-09-30": {
        "Diluted EPS": -0.11,
        "Total Revenue": 41,
        "Gross Profit": 20,
        "Operating Income": -11,
        "EBIT": -11,
        "Net Income": -8
    },
    "2016-06-30": {
        "Diluted EPS": -0.06,
        "Total Revenue": 38,
        "Gross Profit": 19,
        "Operating Income": -5,
        "EBIT": -5,
        "Net Income": -4
    },
    "2016-03-31": {
        "Diluted EPS": -0.08,
        "Total Revenue": 38,
        "Gross Profit": 18,
        "Operating Income": -8,
        "EBIT": -8,
        "Net Income": -6
    },
    "2015-12-31": {
        "Diluted EPS": -0.06,
        "Total Revenue": 35,
        "Gross Profit": 17,
        "Operating Income": -6,
        "EBIT": 12,
        "Net Income": -4
    },
    "2015-09-30": {
        "Diluted EPS": 0.05,
        "Total Revenue": 33,
        "Gross Profit": 18,
        "Operating Income": -2,
        "EBIT": -2,
        "Net Income": -4
    },
    "2015-06-30": {
        "Diluted EPS": -0.02,
        "Total Revenue": 31,
        "Gross Profit": 17,
        "Operating Income": -3,
        "EBIT": -3,
        "Net Income": -1
    },
    "2015-03-31": {
        "Diluted EPS": -0.07,
        "Total Revenue": 30,
        "Gross Profit": 18,
        "Operating Income": -1,
        "EBIT": -1,
        "Net Income": -4
    },
    "2014-12-31": {
        "Diluted EPS": 0.01,
        "Total Revenue": 46,
        "Gross Profit": 41,
        "Operating Income": 19,
        "EBIT": 19,
        "Net Income": 1
    },
    "2014-09-30": {
        "Diluted EPS": 0.01,
        "Total Revenue": 49,
        "Gross Profit": 23,
        "Operating Income": -3,
        "EBIT": -3,
        "Net Income": 0
    },
    "2014-06-30": {
        "Diluted EPS": -4.2,
        "Total Revenue": 45,
        "Gross Profit": 20,
        "Operating Income": -2,
        "EBIT": -2,
        "Net Income": 9
    },
    "2014-03-31": {
        "Diluted EPS": -0.36,
        "Total Revenue": 40,
        "Gross Profit": 40,
        "Operating Income": 40,
        "EBIT": 40,
        "Net Income": 1
    },
    "2013-12-31": {
        "Diluted EPS": 0.0,
        "Total Revenue": NaN,
        "Gross Profit": NaN,
        "Operating Income": NaN,
        "EBIT": NaN,
        "Net Income": NaN
    },
    "2013-09-30": {
        "Diluted EPS": 0.09,
        "Total Revenue": 47,
        "Gross Profit": 47,
        "Operating Income": 47,
        "EBIT": 47,
        "Net Income": 6
    },
    "2013-06-30": {
        "Diluted EPS": 0.1,
        "Total Revenue": 45,
        "Gross Profit": 45,
        "Operating Income": 45,
        "EBIT": 45,
        "Net Income": 6
    },
    "2023-06-30": {
        "Tax Effect Of Unusual Items": 0.0,
        "Tax Rate For Calcs": 0.202249,
        "Normalized EBITDA": 6648000.0,
        "Total Unusual Items": -16000.0,
        "Total Unusual Items Excluding Goodwill": -16000.0,
        "Net Income From Continuing Operation Net Minority Interest": 4999000.0,
        "Reconciled Cost Of Revenue": 58140000.0,
        "EBITDA": 6648000.0,
        "EBIT": 6648000.0,
        "Net Interest Income": 666000.0,
        "Interest Expense": 423000.0,
        "Interest Income": 1089000.0,
        "Normalized Income": 4999000.0,
        "Net Income From Continuing And Discontinued Operation": 4999000.0,
        "Total Expenses": 103145000.0,
        "Total Operating Income As Reported": 860000.0,
        "Diluted Average Shares": 65570688.0,
        "Basic Average Shares": 65267053.0,
        "Diluted EPS": 0.076,
        "Basic EPS": 0.0765,
        "Diluted NI Availto Com Stockholders": 4999000.0,
        "Net Income Common Stockholders": 4999000.0,
        "Net Income": 4999000.0,
        "Minority Interests": 33000.0,
        "Net Income Including Noncontrolling Interests": 4966000.0,
        "Net Income Continuous Operations": 4966000.0,
        "Tax Provision": 1259000.0,
        "Pretax Income": 6225000.0,
        "Other Income Expense": 4699000.0,
        "Other Non Operating Income Expenses": 4699000.0,
        "Special Income Charges": -16000.0,
        "Write Off": 16000.0,
        "Net Non Operating Interest Income Expense": 666000.0,
        "Interest Expense Non Operating": 423000.0,
        "Interest Income Non Operating": 1089000.0,
        "Operating Income": 860000.0,
        "Operating Expense": 45005000.0,
        "Provision For Doubtful Accounts": 16000.0,
        "Research And Development": 17175000.0,
        "Selling General And Administration": 27814000.0,
        "Selling And Marketing Expense": 15372000.0,
        "General And Administrative Expense": 12442000.0,
        "Other Gand A": 12442000.0,
        "Gross Profit": 45865000.0,
        "Cost Of Revenue": 58140000.0,
        "Total Revenue": 104005000.0,
        "Excise Taxes": 302000.0,
        "Operating Revenue": 104307000.0
    },
    "2023-09-30": {
        "Tax Effect Of Unusual Items": 6237.179487,
        "Tax Rate For Calcs": 0.222756,
        "Normalized EBITDA": 5949000.0,
        "Total Unusual Items": 28000.0,
        "Total Unusual Items Excluding Goodwill": 28000.0,
        "Net Income From Continuing Operation Net Minority Interest": 4395000.0,
        "Reconciled Cost Of Revenue": 46409000.0,
        "EBITDA": 5977000.0,
        "EBIT": 5977000.0,
        "Net Interest Income": 802000.0,
        "Interest Expense": 361000.0,
        "Interest Income": 1163000.0,
        "Normalized Income": 4373237.179487,
        "Net Income From Continuing And Discontinued Operation": 4395000.0,
        "Total Expenses": 86492000.0,
        "Total Operating Income As Reported": -2515000.0,
        "Diluted Average Shares": 65747690.0,
        "Basic Average Shares": 65645834.0,
        "Diluted EPS": 0.067,
        "Basic EPS": 0.067,
        "Diluted NI Availto Com Stockholders": 4395000.0,
        "Net Income Common Stockholders": 4395000.0,
        "Net Income": 4395000.0,
        "Minority Interests": 30000.0,
        "Net Income Including Noncontrolling Interests": 4365000.0,
        "Net Income Continuous Operations": 4365000.0,
        "Tax Provision": 1251000.0,
        "Pretax Income": 5616000.0,
        "Other Income Expense": 7357000.0,
        "Other Non Operating Income Expenses": 7329000.0,
        "Special Income Charges": 28000.0,
        "Write Off": -28000.0,
        "Net Non Operating Interest Income Expense": 802000.0,
        "Interest Expense Non Operating": 361000.0,
        "Interest Income Non Operating": 1163000.0,
        "Operating Income": -2543000.0,
        "Operating Expense": 40083000.0,
        "Provision For Doubtful Accounts": NaN,
        "Research And Development": 19483000.0,
        "Selling General And Administration": 20600000.0,
        "Selling And Marketing Expense": 9507000.0,
        "General And Administrative Expense": 11093000.0,
        "Other Gand A": 11093000.0,
        "Gross Profit": 37540000.0,
        "Cost Of Revenue": 46409000.0,
        "Total Revenue": 83949000.0,
        "Excise Taxes": 286000.0,
        "Operating Revenue": 84235000.0
    },
    "2023-12-31": {
        "Tax Effect Of Unusual Items": 158719.512195,
        "Tax Rate For Calcs": 0.035547,
        "Normalized EBITDA": -311000.0,
        "Total Unusual Items": 4465000.0,
        "Total Unusual Items Excluding Goodwill": 4465000.0,
        "Net Income From Continuing Operation Net Minority Interest": 3705000.0,
        "Reconciled Cost Of Revenue": 36785000.0,
        "EBITDA": 4154000.0,
        "EBIT": 4154000.0,
        "Net Interest Income": 2407000.0,
        "Interest Expense": 300000.0,
        "Interest Income": 2707000.0,
        "Normalized Income": -601280.487805,
        "Net Income From Continuing And Discontinued Operation": 3705000.0,
        "Total Expenses": 74150000.0,
        "Total Operating Income As Reported": -687000.0,
        "Diluted Average Shares": 65232144.0,
        "Basic Average Shares": 65179714.0,
        "Diluted EPS": 0.057,
        "Basic EPS": 0.057,
        "Diluted NI Availto Com Stockholders": 3705000.0,
        "Net Income Common Stockholders": 3705000.0,
        "Net Income": 3705000.0,
        "Minority Interests": -12000.0,
        "Net Income Including Noncontrolling Interests": 3717000.0,
        "Net Income Continuous Operations": 3717000.0,
        "Tax Provision": 137000.0,
        "Pretax Income": 3854000.0,
        "Other Income Expense": -1259000.0,
        "Other Non Operating Income Expenses": -5724000.0,
        "Special Income Charges": -193000.0,
        "Write Off": 193000.0,
        "Net Non Operating Interest Income Expense": 2407000.0,
        "Interest Expense Non Operating": 300000.0,
        "Interest Income Non Operating": 2707000.0,
        "Operating Income": 2706000.0,
        "Operating Expense": 37365000.0,
        "Provision For Doubtful Accounts": NaN,
        "Research And Development": 19497000.0,
        "Selling General And Administration": 20968000.0,
        "Selling And Marketing Expense": 9350000.0,
        "General And Administrative Expense": 11618000.0,
        "Other Gand A": 11618000.0,
        "Gross Profit": 40071000.0,
        "Cost Of Revenue": 36785000.0,
        "Total Revenue": 76856000.0,
        "Excise Taxes": 287000.0,
        "Operating Revenue": 77143000.0
    },
    "2024-03-31": {
        "Tax Effect Of Unusual Items": 8156.574231,
        "Tax Rate For Calcs": 0.313714,
        "Normalized EBITDA": 5517000.0,
        "Total Unusual Items": 26000.0,
        "Total Unusual Items Excluding Goodwill": 26000.0,
        "Net Income From Continuing Operation Net Minority Interest": 3639000.0,
        "Reconciled Cost Of Revenue": 37139000.0,
        "EBITDA": 5543000.0,
        "EBIT": 5543000.0,
        "Net Interest Income": 979000.0,
        "Interest Expense": 242000.0,
        "Interest Income": 1221000.0,
        "Normalized Income": 3621156.574231,
        "Net Income From Continuing And Discontinued Operation": 3639000.0,
        "Total Expenses": 75974000.0,
        "Total Operating Income As Reported": 4032000.0,
        "Diluted Average Shares": 64698354.0,
        "Basic Average Shares": 64668321.0,
        "Diluted EPS": 0.056,
        "Basic EPS": 0.0565,
        "Diluted NI Availto Com Stockholders": 3639000.0,
        "Net Income Common Stockholders": 3639000.0,
        "Net Income": 3639000.0,
        "Minority Interests": 1000.0,
        "Net Income Including Noncontrolling Interests": 3638000.0,
        "Net Income Continuous Operations": 3638000.0,
        "Tax Provision": 1663000.0,
        "Pretax Income": 5301000.0,
        "Other Income Expense": 316000.0,
        "Other Non Operating Income Expenses": 290000.0,
        "Special Income Charges": 26000.0,
        "Write Off": -26000.0,
        "Net Non Operating Interest Income Expense": 979000.0,
        "Interest Expense Non Operating": 242000.0,
        "Interest Income Non Operating": 1221000.0,
        "Operating Income": 4006000.0,
        "Operating Expense": 38835000.0,
        "Provision For Doubtful Accounts": NaN,
        "Research And Development": 17642000.0,
        "Selling General And Administration": 21193000.0,
        "Selling And Marketing Expense": 10061000.0,
        "General And Administrative Expense": 11132000.0,
        "Other Gand A": 11132000.0,
        "Gross Profit": 42841000.0,
        "Cost Of Revenue": 37139000.0,
        "Total Revenue": 79980000.0,
        "Excise Taxes": 379000.0,
        "Operating Revenue": 80359000.0
    },
    "2024-06-30": {
        "Tax Effect Of Unusual Items": 0.0,
        "Tax Rate For Calcs": 0.25,
        "Normalized EBITDA": 4767000.0,
        "Total Unusual Items": NaN,
        "Total Unusual Items Excluding Goodwill": NaN,
        "Net Income From Continuing Operation Net Minority Interest": 2755000.0,
        "Reconciled Cost Of Revenue": 38632000.0,
        "EBITDA": 4767000.0,
        "EBIT": 4767000.0,
        "Net Interest Income": 1083000.0,
        "Interest Expense": 182000.0,
        "Interest Income": 1265000.0,
        "Normalized Income": 2755000.0,
        "Net Income From Continuing And Discontinued Operation": 2755000.0,
        "Total Expenses": 78366000.0,
        "Total Operating Income As Reported": 967000.0,
        "Diluted Average Shares": 64184592.0,
        "Basic Average Shares": 64137686.0,
        "Diluted EPS": 0.043,
        "Basic EPS": 0.043,
        "Diluted NI Availto Com Stockholders": 2755000.0,
        "Net Income Common Stockholders": 2755000.0,
        "Net Income": 2755000.0,
        "Minority Interests": 235000.0,
        "Net Income Including Noncontrolling Interests": 2520000.0,
        "Net Income Continuous Operations": 2520000.0,
        "Tax Provision": 2065000.0,
        "Pretax Income": 4585000.0,
        "Other Income Expense": 2535000.0,
        "Other Non Operating Income Expenses": 2535000.0,
        "Special Income Charges": NaN,
        "Write Off": NaN,
        "Net Non Operating Interest Income Expense": 1083000.0,
        "Interest Expense Non Operating": 182000.0,
        "Interest Income Non Operating": 1265000.0,
        "Operating Income": 967000.0,
        "Operating Expense": 39734000.0,
        "Provision For Doubtful Accounts": 166000.0,
        "Research And Development": 17470000.0,
        "Selling General And Administration": 22098000.0,
        "Selling And Marketing Expense": 10867000.0,
        "General And Administrative Expense": 11231000.0,
        "Other Gand A": 11231000.0,
        "Gross Profit": 40701000.0,
        "Cost Of Revenue": 38632000.0,
        "Total Revenue": 79333000.0,
        "Excise Taxes": 270000.0,
        "Operating Revenue": 79603000.0
    }
}