{
    "2023-03-31": {
        "Tax Effect Of Unusual Items": 1863.0,
        "Tax Rate For Calcs": 0.207,
        "Normalized EBITDA": 17064000.0,
        "Total Unusual Items": 9000.0,
        "Total Unusual Items Excluding Goodwill": 9000.0,
        "Net Income From Continuing Operation Net Minority Interest": 11433000.0,
        "Reconciled Depreciation": 2133000.0,
        "Reconciled Cost Of Revenue": 49882000.0,
        "EBITDA": 17073000.0,
        "EBIT": 14940000.0,
        "Net Interest Income": -523000.0,
        "Interest Expense": 523000.0,
        "Normalized Income": 11425863.0,
        "Net Income From Continuing And Discontinued Operation": 11433000.0,
        "Total Expenses": 70911000.0,
        "Total Operating Income As Reported": 14931000.0,
        "Diluted Average Shares": 27626000.0,
        "Basic Average Shares": 27616000.0,
        "Diluted EPS": 0.41,
        "Basic EPS": 0.41,
        "Diluted NI Availto Com Stockholders": 11433000.0,
        "Net Income Common Stockholders": 11433000.0,
        "Net Income": 11433000.0,
        "Net Income Including Noncontrolling Interests": 11433000.0,
        "Net Income Continuous Operations": 11433000.0,
        "Tax Provision": 2984000.0,
        "Pretax Income": 14417000.0,
        "Other Income Expense": 9000.0,
        "Gain On Sale Of Security": 9000.0,
        "Net Non Operating Interest Income Expense": -523000.0,
        "Interest Expense Non Operating": 523000.0,
        "Operating Income": 14931000.0,
        "Operating Expense": 21029000.0,
        "Selling General And Administration": 21029000.0,
        "Selling And Marketing Expense": 6675000.0,
        "General And Administrative Expense": 14354000.0,
        "Other Gand A": 14354000.0,
        "Gross Profit": 35960000.0,
        "Cost Of Revenue": 49882000.0,
        "Total Revenue": 85842000.0,
        "Operating Revenue": 85842000.0
    },
    "2022-12-31": {
        "Tax Effect Of Unusual Items": 58336.842105,
        "Tax Rate For Calcs": 0.214474,
        "Normalized EBITDA": 10845000.0,
        "Total Unusual Items": 272000.0,
        "Total Unusual Items Excluding Goodwill": 272000.0,
        "Net Income From Continuing Operation Net Minority Interest": 8358000.0,
        "Reconciled Depreciation": 2100000.0,
        "Reconciled Cost Of Revenue": 47435000.0,
        "EBITDA": 11117000.0,
        "EBIT": 11117000.0,
        "Net Interest Income": -477000.0,
        "Interest Expense": 477000.0,
        "Normalized Income": 8144336.842105,
        "Net Income From Continuing And Discontinued Operation": 8358000.0,
        "Total Expenses": 67636000.0,
        "Total Operating Income As Reported": 10845000.0,
        "Diluted Average Shares": 27619000.0,
        "Basic Average Shares": 27614000.0,
        "Diluted EPS": 0.3,
        "Basic EPS": 0.3,
        "Diluted NI Availto Com Stockholders": 8358000.0,
        "Net Income Common Stockholders": 8358000.0,
        "Net Income": 8358000.0,
        "Net Income Including Noncontrolling Interests": 8358000.0,
        "Net Income Continuous Operations": 8358000.0,
        "Tax Provision": 2282000.0,
        "Pretax Income": 10640000.0,
        "Other Income Expense": 272000.0,
        "Gain On Sale Of Security": 272000.0,
        "Net Non Operating Interest Income Expense": -477000.0,
        "Interest Expense Non Operating": 477000.0,
        "Operating Income": 10845000.0,
        "Operating Expense": 20201000.0,
        "Selling General And Administration": 20201000.0,
        "Selling And Marketing Expense": 6852000.0,
        "General And Administrative Expense": 13349000.0,
        "Other Gand A": 13349000.0,
        "Gross Profit": 31046000.0,
        "Cost Of Revenue": 47435000.0,
        "Total Revenue": 78481000.0,
        "Operating Revenue": 78481000.0
    },
    "2022-09-30": {
        "Tax Effect Of Unusual Items": -72540.0,
        "Tax Rate For Calcs": 0.195,
        "Normalized EBITDA": 19314000.0,
        "Total Unusual Items": -372000.0,
        "Total Unusual Items Excluding Goodwill": -372000.0,
        "Net Income From Continuing Operation Net Minority Interest": 13318000.0,
        "Reconciled Depreciation": 2007000.0,
        "Reconciled Cost Of Revenue": 53992000.0,
        "EBITDA": 18942000.0,
        "EBIT": 16935000.0,
        "Net Interest Income": -391000.0,
        "Interest Expense": 391000.0,
        "Normalized Income": 13617460.0,
        "Net Income From Continuing And Discontinued Operation": 13318000.0,
        "Total Expenses": 72451000.0,
        "Total Operating Income As Reported": 17307000.0,
        "Diluted Average Shares": 27620000.0,
        "Basic Average Shares": 27616000.0,
        "Diluted EPS": 0.48,
        "Basic EPS": 0.48,
        "Diluted NI Availto Com Stockholders": 13318000.0,
        "Net Income Common Stockholders": 13318000.0,
        "Net Income": 13318000.0,
        "Net Income Including Noncontrolling Interests": 13318000.0,
        "Net Income Continuous Operations": 13318000.0,
        "Tax Provision": 3226000.0,
        "Pretax Income": 16544000.0,
        "Other Income Expense": -372000.0,
        "Gain On Sale Of Security": -372000.0,
        "Net Non Operating Interest Income Expense": -391000.0,
        "Interest Expense Non Operating": 391000.0,
        "Operating Income": 17307000.0,
        "Operating Expense": 18459000.0,
        "Selling General And Administration": 18459000.0,
        "Selling And Marketing Expense": 6297000.0,
        "General And Administrative Expense": 12162000.0,
        "Other Gand A": 12162000.0,
        "Gross Profit": 35766000.0,
        "Cost Of Revenue": 53992000.0,
        "Total Revenue": 89758000.0,
        "Operating Revenue": 89758000.0
    },
    "2022-06-30": {
        "Tax Effect Of Unusual Items": -93685.0,
        "Tax Rate For Calcs": 0.205,
        "Normalized EBITDA": 17643190.0,
        "Total Unusual Items": -457000.0,
        "Total Unusual Items Excluding Goodwill": -457000.0,
        "Net Income From Continuing Operation Net Minority Interest": 11902000.0,
        "Reconciled Depreciation": 1894190.0,
        "Reconciled Cost Of Revenue": 50907000.0,
        "EBITDA": 17186190.0,
        "EBIT": 15292000.0,
        "Net Interest Income": -322000.0,
        "Interest Expense": 322000.0,
        "Normalized Income": 12265315.0,
        "Net Income From Continuing And Discontinued Operation": 11902000.0,
        "Total Expenses": 68141000.0,
        "Total Operating Income As Reported": 15749000.0,
        "Diluted Average Shares": 27613000.0,
        "Basic Average Shares": 27613000.0,
        "Diluted EPS": 0.43,
        "Basic EPS": 0.43,
        "Diluted NI Availto Com Stockholders": 11902000.0,
        "Net Income Common Stockholders": 11902000.0,
        "Net Income": 11902000.0,
        "Net Income Including Noncontrolling Interests": 11902000.0,
        "Net Income Continuous Operations": 11902000.0,
        "Tax Provision": 3068000.0,
        "Pretax Income": 14970000.0,
        "Other Income Expense": -457000.0,
        "Gain On Sale Of Security": -457000.0,
        "Net Non Operating Interest Income Expense": -322000.0,
        "Interest Expense Non Operating": 322000.0,
        "Operating Income": 15749000.0,
        "Operating Expense": 17234000.0,
        "Selling General And Administration": 17234000.0,
        "Selling And Marketing Expense": 5906000.0,
        "General And Administrative Expense": 11328000.0,
        "Other Gand A": 11328000.0,
        "Gross Profit": 32983000.0,
        "Cost Of Revenue": 50907000.0,
        "Total Revenue": 83890000.0,
        "Operating Revenue": 83890000.0
    },
    "2022-03-31": {
        "Diluted EPS": 0.28,
        "Total Revenue": 72,
        "Gross Profit": 28,
        "Operating Income": 10,
        "EBIT": 12,
        "Net Income": 8
    },
    "2021-12-31": {
        "Diluted EPS": 0.22,
        "Total Revenue": 70,
        "Gross Profit": 25,
        "Operating Income": 9,
        "EBIT": 10,
        "Net Income": 6
    },
    "2021-09-30": {
        "Diluted EPS": 0.3,
        "Total Revenue": 69,
        "Gross Profit": 24,
        "Operating Income": 10,
        "EBIT": 12,
        "Net Income": 8
    },
    "2021-06-30": {
        "Diluted EPS": 0.37,
        "Total Revenue": 69,
        "Gross Profit": 25,
        "Operating Income": 13,
        "EBIT": 14,
        "Net Income": 10
    },
    "2021-03-31": {
        "Diluted EPS": 0.25,
        "Total Revenue": 52,
        "Gross Profit": 18,
        "Operating Income": 9,
        "EBIT": 9,
        "Net Income": 7
    },
    "2020-12-31": {
        "Diluted EPS": 0.22,
        "Total Revenue": 49,
        "Gross Profit": 16,
        "Operating Income": 7,
        "EBIT": 8,
        "Net Income": 6
    },
    "2020-09-30": {
        "Diluted EPS": 0.24,
        "Total Revenue": 46,
        "Gross Profit": 16,
        "Operating Income": 8,
        "EBIT": 9,
        "Net Income": 7
    },
    "2020-06-30": {
        "Diluted EPS": 0.14,
        "Total Revenue": 36,
        "Gross Profit": 12,
        "Operating Income": 5,
        "EBIT": 6,
        "Net Income": 4
    },
    "2020-03-31": {
        "Diluted EPS": 0.06,
        "Total Revenue": 28,
        "Gross Profit": 10,
        "Operating Income": 2,
        "EBIT": 3,
        "Net Income": 2
    },
    "2019-12-31": {
        "Diluted EPS": 0.17,
        "Total Revenue": 39,
        "Gross Profit": 12,
        "Operating Income": 5,
        "EBIT": 5,
        "Net Income": 5
    },
    "2019-09-30": {
        "Diluted EPS": 0.16,
        "Total Revenue": 36,
        "Gross Profit": 12,
        "Operating Income": 6,
        "EBIT": 6,
        "Net Income": 5
    },
    "2019-06-30": {
        "Diluted EPS": 0.11,
        "Total Revenue": 30,
        "Gross Profit": 11,
        "Operating Income": 4,
        "EBIT": 4,
        "Net Income": 3
    },
    "2019-03-31": {
        "Diluted EPS": 0.07,
        "Total Revenue": 25,
        "Gross Profit": 8,
        "Operating Income": 2,
        "EBIT": 3,
        "Net Income": 2
    },
    "2018-12-31": {
        "Diluted EPS": 0.0,
        "Total Revenue": NaN,
        "Gross Profit": NaN,
        "Operating Income": NaN,
        "EBIT": NaN,
        "Net Income": NaN
    },
    "2018-09-30": {
        "Diluted EPS": 0.08,
        "Total Revenue": 29,
        "Gross Profit": 9,
        "Operating Income": 3,
        "EBIT": 3,
        "Net Income": 2
    },
    "2018-06-30": {
        "Diluted EPS": 0.09,
        "Total Revenue": 29,
        "Gross Profit": 9,
        "Operating Income": 3,
        "EBIT": 3,
        "Net Income": 3
    },
    "2023-06-30": {
        "Tax Effect Of Unusual Items": -6586.953231,
        "Tax Rate For Calcs": 0.205842,
        "Normalized EBITDA": 20191000.0,
        "Total Unusual Items": -32000.0,
        "Total Unusual Items Excluding Goodwill": -32000.0,
        "Net Income From Continuing Operation Net Minority Interest": 15741000.0,
        "Reconciled Depreciation": 2269000.0,
        "Reconciled Cost Of Revenue": 58243000.0,
        "EBITDA": 20159000.0,
        "EBIT": 20159000.0,
        "Net Interest Income": -338000.0,
        "Interest Expense": 338000.0,
        "Normalized Income": 15766413.046769,
        "Net Income From Continuing And Discontinued Operation": 15741000.0,
        "Total Expenses": 82046000.0,
        "Total Operating Income As Reported": 20191000.0,
        "Diluted Average Shares": 27631000.0,
        "Basic Average Shares": 27619000.0,
        "Diluted EPS": 0.57,
        "Basic EPS": 0.57,
        "Diluted NI Availto Com Stockholders": 15741000.0,
        "Net Income Common Stockholders": 15741000.0,
        "Net Income": 15741000.0,
        "Net Income Including Noncontrolling Interests": 15741000.0,
        "Net Income Continuous Operations": 15741000.0,
        "Tax Provision": 4080000.0,
        "Pretax Income": 19821000.0,
        "Other Income Expense": -32000.0,
        "Gain On Sale Of Security": -32000.0,
        "Net Non Operating Interest Income Expense": -338000.0,
        "Interest Expense Non Operating": 338000.0,
        "Operating Income": 20191000.0,
        "Operating Expense": 23803000.0,
        "Selling General And Administration": 23803000.0,
        "Selling And Marketing Expense": 8147000.0,
        "General And Administrative Expense": 15656000.0,
        "Other Gand A": 15656000.0,
        "Gross Profit": 43994000.0,
        "Cost Of Revenue": 58243000.0,
        "Total Revenue": 102237000.0,
        "Operating Revenue": 102237000.0
    }
}