{
    "2023-03-31": {
        "Tax Effect Of Unusual Items": NaN,
        "Tax Rate For Calcs": NaN,
        "Normalized EBITDA": NaN,
        "Total Unusual Items": NaN,
        "Total Unusual Items Excluding Goodwill": NaN,
        "Net Income From Continuing Operation Net Minority Interest": NaN,
        "Reconciled Cost Of Revenue": NaN,
        "EBITDA": NaN,
        "EBIT": NaN,
        "Net Interest Income": NaN,
        "Interest Expense": NaN,
        "Interest Income": NaN,
        "Normalized Income": NaN,
        "Net Income From Continuing And Discontinued Operation": NaN,
        "Total Expenses": NaN,
        "Total Operating Income As Reported": NaN,
        "Diluted Average Shares": NaN,
        "Basic Average Shares": NaN,
        "Diluted EPS": NaN,
        "Basic EPS": NaN,
        "Diluted NI Availto Com Stockholders": NaN,
        "Net Income Common Stockholders": NaN,
        "Net Income": NaN,
        "Net Income Including Noncontrolling Interests": NaN,
        "Net Income Continuous Operations": NaN,
        "Earnings From Equity Interest Net Of Tax": NaN,
        "Tax Provision": NaN,
        "Pretax Income": NaN,
        "Other Income Expense": NaN,
        "Other Non Operating Income Expenses": NaN,
        "Special Income Charges": 0.0,
        "Restructuring And Mergern Acquisition": 0.0,
        "Gain On Sale Of Security": NaN,
        "Net Non Operating Interest Income Expense": NaN,
        "Interest Expense Non Operating": NaN,
        "Interest Income Non Operating": NaN,
        "Operating Income": NaN,
        "Operating Expense": NaN,
        "Other Operating Expenses": NaN,
        "Research And Development": NaN,
        "Selling General And Administration": NaN,
        "Gross Profit": NaN,
        "Cost Of Revenue": NaN,
        "Total Revenue": NaN,
        "Operating Revenue": NaN
    },
    "2022-12-31": {
        "Tax Effect Of Unusual Items": -522432.856335,
        "Tax Rate For Calcs": 0.004396,
        "Normalized EBITDA": -2206315000.0,
        "Total Unusual Items": -118854000.0,
        "Total Unusual Items Excluding Goodwill": -118854000.0,
        "Net Income From Continuing Operation Net Minority Interest": -2361175000.0,
        "Reconciled Cost Of Revenue": 4695285000.0,
        "EBITDA": -2325169000.0,
        "EBIT": -2325169000.0,
        "Net Interest Income": 222288000.0,
        "Interest Expense": 51079000.0,
        "Interest Income": 273367000.0,
        "Normalized Income": -2242843432.856335,
        "Net Income From Continuing And Discontinued Operation": -2361175000.0,
        "Total Expenses": 7657792000.0,
        "Total Operating Income As Reported": -2517443000.0,
        "Diluted Average Shares": 860224406.0,
        "Basic Average Shares": 860224406.0,
        "Diluted EPS": -2.58,
        "Basic EPS": -2.58,
        "Diluted NI Availto Com Stockholders": -2361175000.0,
        "Net Income Common Stockholders": -2361175000.0,
        "Net Income": -2361175000.0,
        "Net Income Including Noncontrolling Interests": -2361175000.0,
        "Net Income Continuous Operations": -2361175000.0,
        "Earnings From Equity Interest Net Of Tax": 4628000.0,
        "Tax Provision": -10445000.0,
        "Pretax Income": -2376248000.0,
        "Other Income Expense": -81093000.0,
        "Other Non Operating Income Expenses": 37761000.0,
        "Gain On Sale Of Security": -118854000.0,
        "Net Non Operating Interest Income Expense": 222288000.0,
        "Interest Expense Non Operating": 51079000.0,
        "Interest Income Non Operating": 273367000.0,
        "Operating Income": -2517443000.0,
        "Operating Expense": 2962507000.0,
        "Other Operating Expenses": -23357000.0,
        "Research And Development": 1230049000.0,
        "Selling General And Administration": 1755815000.0,
        "Gross Profit": 445064000.0,
        "Cost Of Revenue": 4695285000.0,
        "Total Revenue": 5140349000.0,
        "Operating Revenue": 5140349000.0
    },
    "2022-09-30": {
        "Tax Effect Of Unusual Items": -171815200.0,
        "Tax Rate For Calcs": 0.4,
        "Normalized EBITDA": -1889477000.0,
        "Total Unusual Items": -429538000.0,
        "Total Unusual Items Excluding Goodwill": -429538000.0,
        "Net Income From Continuing Operation Net Minority Interest": -2376148000.0,
        "Reconciled Cost Of Revenue": 5900249000.0,
        "EBITDA": -2319015000.0,
        "EBIT": -2319015000.0,
        "Net Interest Income": 250986000.0,
        "Interest Expense": 38968000.0,
        "Interest Income": 289954000.0,
        "Normalized Income": -2118425200.0,
        "Net Income From Continuing And Discontinued Operation": -2376148000.0,
        "Total Expenses": 9000318000.0,
        "Total Operating Income As Reported": -2176831000.0,
        "Diluted Average Shares": 859081432.0,
        "Basic Average Shares": 859081432.0,
        "Diluted EPS": -2.76,
        "Basic EPS": -2.76,
        "Diluted NI Availto Com Stockholders": -2376148000.0,
        "Net Income Common Stockholders": -2376148000.0,
        "Net Income": -2376148000.0,
        "Net Income Including Noncontrolling Interests": -2376148000.0,
        "Net Income Continuous Operations": -2376148000.0,
        "Earnings From Equity Interest Net Of Tax": 2852000.0,
        "Tax Provision": 21017000.0,
        "Pretax Income": -2357983000.0,
        "Other Income Expense": -432138000.0,
        "Other Non Operating Income Expenses": -2600000.0,
        "Gain On Sale Of Security": -429538000.0,
        "Net Non Operating Interest Income Expense": 250986000.0,
        "Interest Expense Non Operating": 38968000.0,
        "Interest Income Non Operating": 289954000.0,
        "Operating Income": -2176831000.0,
        "Operating Expense": 3100069000.0,
        "Other Operating Expenses": -24824000.0,
        "Research And Development": 1498550000.0,
        "Selling General And Administration": 1626343000.0,
        "Gross Profit": 923238000.0,
        "Cost Of Revenue": 5900249000.0,
        "Total Revenue": 6823487000.0,
        "Operating Revenue": 6823487000.0
    },
    "2022-06-30": {
        "Tax Effect Of Unusual Items": -335298800.0,
        "Tax Rate For Calcs": 0.4,
        "Normalized EBITDA": -1825226000.0,
        "Total Unusual Items": -838247000.0,
        "Total Unusual Items Excluding Goodwill": -838247000.0,
        "Net Income From Continuing Operation Net Minority Interest": -2700882000.0,
        "Reconciled Cost Of Revenue": 6626985000.0,
        "EBITDA": -2663473000.0,
        "EBIT": -2663473000.0,
        "Net Interest Income": 245195000.0,
        "Interest Expense": 22311000.0,
        "Interest Income": 267506000.0,
        "Normalized Income": -2197933800.0,
        "Net Income From Continuing And Discontinued Operation": -2700882000.0,
        "Total Expenses": 9527129000.0,
        "Total Operating Income As Reported": -2090784000.0,
        "Diluted Average Shares": 854278730.0,
        "Basic Average Shares": 854278730.0,
        "Diluted EPS": -3.16,
        "Basic EPS": -3.16,
        "Diluted NI Availto Com Stockholders": -2700882000.0,
        "Net Income Common Stockholders": -2700882000.0,
        "Net Income": -2700882000.0,
        "Net Income Including Noncontrolling Interests": -2700882000.0,
        "Net Income Continuous Operations": -2700882000.0,
        "Earnings From Equity Interest Net Of Tax": -3363000.0,
        "Tax Provision": 11735000.0,
        "Pretax Income": -2685784000.0,
        "Other Income Expense": -840195000.0,
        "Other Non Operating Income Expenses": -1948000.0,
        "Gain On Sale Of Security": -838247000.0,
        "Net Non Operating Interest Income Expense": 245195000.0,
        "Interest Expense Non Operating": 22311000.0,
        "Interest Income Non Operating": 267506000.0,
        "Operating Income": -2090784000.0,
        "Operating Expense": 2900144000.0,
        "Other Operating Expenses": -29328000.0,
        "Research And Development": 1264959000.0,
        "Selling General And Administration": 1664513000.0,
        "Gross Profit": 809360000.0,
        "Cost Of Revenue": 6626985000.0,
        "Total Revenue": 7436345000.0,
        "Operating Revenue": 7436345000.0
    },
    "2022-03-31": {
        "Diluted EPS": -0.32,
        "Total Revenue": NaN,
        "Gross Profit": 144,
        "Operating Income": -303,
        "EBIT": -303,
        "Net Income": -268
    },
    "2021-12-31": {
        "Diluted EPS": -0.25,
        "Total Revenue": NaN,
        "Gross Profit": 159,
        "Operating Income": -379,
        "EBIT": -379,
        "Net Income": -201
    },
    "2021-09-30": {
        "Diluted EPS": -0.29,
        "Total Revenue": 888,
        "Gross Profit": 127,
        "Operating Income": -280,
        "EBIT": -280,
        "Net Income": -248
    },
    "2021-06-30": {
        "Diluted EPS": -0.23,
        "Total Revenue": 583,
        "Gross Profit": 69,
        "Operating Income": -224,
        "EBIT": -224,
        "Net Income": -185
    },
    "2021-03-31": {
        "Diluted EPS": -0.15,
        "Total Revenue": 450,
        "Gross Profit": 50,
        "Operating Income": -138,
        "EBIT": -138,
        "Net Income": -120
    },
    "2020-12-31": {
        "Diluted EPS": -0.16,
        "Total Revenue": 437,
        "Gross Profit": 437,
        "Operating Income": 437,
        "EBIT": 455,
        "Net Income": -121
    },
    "2020-09-30": {
        "Diluted EPS": 0.0,
        "Total Revenue": NaN,
        "Gross Profit": NaN,
        "Operating Income": NaN,
        "Net Income": NaN
    },
    "2019-12-31": {
        "Diluted EPS": 0.0,
        "Total Revenue": NaN,
        "Gross Profit": NaN,
        "Operating Income": NaN,
        "EBIT": NaN,
        "Net Income": NaN
    },
    "2023-06-30": {
        "Tax Effect Of Unusual Items": NaN,
        "Tax Rate For Calcs": NaN,
        "Normalized EBITDA": NaN,
        "Total Unusual Items": NaN,
        "Total Unusual Items Excluding Goodwill": NaN,
        "Net Income From Continuing Operation Net Minority Interest": NaN,
        "Reconciled Cost Of Revenue": NaN,
        "EBITDA": NaN,
        "EBIT": NaN,
        "Net Interest Income": NaN,
        "Interest Expense": NaN,
        "Interest Income": NaN,
        "Normalized Income": NaN,
        "Net Income From Continuing And Discontinued Operation": NaN,
        "Total Expenses": NaN,
        "Total Operating Income As Reported": NaN,
        "Diluted Average Shares": NaN,
        "Basic Average Shares": NaN,
        "Diluted EPS": NaN,
        "Basic EPS": NaN,
        "Diluted NI Availto Com Stockholders": NaN,
        "Net Income Common Stockholders": NaN,
        "Net Income": NaN,
        "Net Income Including Noncontrolling Interests": NaN,
        "Net Income Continuous Operations": NaN,
        "Earnings From Equity Interest Net Of Tax": NaN,
        "Tax Provision": NaN,
        "Pretax Income": NaN,
        "Other Income Expense": NaN,
        "Other Non Operating Income Expenses": NaN,
        "Special Income Charges": 0.0,
        "Restructuring And Mergern Acquisition": 0.0,
        "Gain On Sale Of Security": NaN,
        "Net Non Operating Interest Income Expense": NaN,
        "Interest Expense Non Operating": NaN,
        "Interest Income Non Operating": NaN,
        "Operating Income": NaN,
        "Operating Expense": NaN,
        "Other Operating Expenses": NaN,
        "Research And Development": NaN,
        "Selling General And Administration": NaN,
        "Gross Profit": NaN,
        "Cost Of Revenue": NaN,
        "Total Revenue": NaN,
        "Operating Revenue": NaN
    },
    "2023-09-30": {
        "Tax Effect Of Unusual Items": -243660500.0,
        "Tax Rate For Calcs": 0.25,
        "Normalized EBITDA": -2842542000.0,
        "Total Unusual Items": -974642000.0,
        "Total Unusual Items Excluding Goodwill": -974642000.0,
        "Net Income From Continuing Operation Net Minority Interest": -3886550000.0,
        "Reconciled Cost Of Revenue": 8757479000.0,
        "EBITDA": -3817184000.0,
        "EBIT": -3817184000.0,
        "Net Interest Income": 248237000.0,
        "Interest Expense": 65767000.0,
        "Interest Income": 314004000.0,
        "Normalized Income": -3155568500.0,
        "Net Income From Continuing And Discontinued Operation": -3886550000.0,
        "Total Expenses": 11690349000.0,
        "Total Operating Income As Reported": -3160828000.0,
        "Diluted Average Shares": 864990174.0,
        "Basic Average Shares": 864990174.0,
        "Diluted EPS": -4.5,
        "Basic EPS": -4.5,
        "Diluted NI Availto Com Stockholders": -3886550000.0,
        "Net Income Common Stockholders": -3886550000.0,
        "Net Income": -3886550000.0,
        "Net Income Including Noncontrolling Interests": -3886550000.0,
        "Net Income Continuous Operations": -3886550000.0,
        "Earnings From Equity Interest Net Of Tax": -2917000.0,
        "Tax Provision": 682000.0,
        "Pretax Income": -3882951000.0,
        "Other Income Expense": -970360000.0,
        "Other Non Operating Income Expenses": 4282000.0,
        "Special Income Charges": 0.0,
        "Restructuring And Mergern Acquisition": 0.0,
        "Gain On Sale Of Security": -974642000.0,
        "Net Non Operating Interest Income Expense": 248237000.0,
        "Interest Expense Non Operating": 65767000.0,
        "Interest Income Non Operating": 314004000.0,
        "Operating Income": -3160828000.0,
        "Operating Expense": 2932870000.0,
        "Other Operating Expenses": -65192000.0,
        "Research And Development": 1305868000.0,
        "Selling General And Administration": 1692194000.0,
        "Gross Profit": -227958000.0,
        "Cost Of Revenue": 8757479000.0,
        "Total Revenue": 8529521000.0,
        "Operating Revenue": 8529521000.0
    },
    "2023-12-31": {
        "Tax Effect Of Unusual Items": 112949500.0,
        "Tax Rate For Calcs": 0.25,
        "Normalized EBITDA": -1712241000.0,
        "Total Unusual Items": 451798000.0,
        "Total Unusual Items Excluding Goodwill": 451798000.0,
        "Net Income From Continuing Operation Net Minority Interest": -1347615000.0,
        "Reconciled Cost Of Revenue": 12240958000.0,
        "EBITDA": -1260443000.0,
        "EBIT": -1260443000.0,
        "Net Interest Income": 269555000.0,
        "Interest Expense": 73225000.0,
        "Interest Income": 342780000.0,
        "Normalized Income": -1686463500.0,
        "Net Income From Continuing And Discontinued Operation": -1347615000.0,
        "Total Expenses": 15132815000.0,
        "Total Operating Income As Reported": -2053046000.0,
        "Diluted Average Shares": 893827621.0,
        "Basic Average Shares": 893827621.0,
        "Diluted EPS": -1.5,
        "Basic EPS": -1.5,
        "Diluted NI Availto Com Stockholders": -1347615000.0,
        "Net Income Common Stockholders": -1347615000.0,
        "Net Income": -1347615000.0,
        "Net Income Including Noncontrolling Interests": -1347615000.0,
        "Net Income Continuous Operations": -1347615000.0,
        "Earnings From Equity Interest Net Of Tax": 7807000.0,
        "Tax Provision": 21754000.0,
        "Pretax Income": -1333668000.0,
        "Other Income Expense": 479162000.0,
        "Other Non Operating Income Expenses": 27364000.0,
        "Special Income Charges": NaN,
        "Restructuring And Mergern Acquisition": NaN,
        "Gain On Sale Of Security": 422459000.0,
        "Net Non Operating Interest Income Expense": 269555000.0,
        "Interest Expense Non Operating": 73225000.0,
        "Interest Income Non Operating": 342780000.0,
        "Operating Income": -2082385000.0,
        "Operating Expense": 2891857000.0,
        "Other Operating Expenses": -352391000.0,
        "Research And Development": 1307745000.0,
        "Selling General And Administration": 1936503000.0,
        "Gross Profit": 809472000.0,
        "Cost Of Revenue": 12240958000.0,
        "Total Revenue": 13050430000.0,
        "Operating Revenue": 13050430000.0
    },
    "2024-03-31": {
        "Tax Effect Of Unusual Items": 35690000.0,
        "Tax Rate For Calcs": 0.25,
        "Normalized EBITDA": -1418365000.0,
        "Total Unusual Items": 142760000.0,
        "Total Unusual Items Excluding Goodwill": 142760000.0,
        "Net Income From Continuing Operation Net Minority Interest": -1367890000.0,
        "Reconciled Cost Of Revenue": 5704343000.0,
        "EBITDA": -1275605000.0,
        "EBIT": -1275605000.0,
        "Net Interest Income": 313524000.0,
        "Interest Expense": 85121000.0,
        "Interest Income": 398645000.0,
        "Normalized Income": -1474960000.0,
        "Net Income From Continuing And Discontinued Operation": -1367890000.0,
        "Total Expenses": 8369198000.0,
        "Total Operating Income As Reported": -1645971000.0,
        "Diluted Average Shares": 942697688.0,
        "Basic Average Shares": 942697688.0,
        "Diluted EPS": -1.46,
        "Basic EPS": -1.46,
        "Diluted NI Availto Com Stockholders": -1367890000.0,
        "Net Income Common Stockholders": -1367890000.0,
        "Net Income": -1367890000.0,
        "Net Income Including Noncontrolling Interests": -1367890000.0,
        "Net Income Continuous Operations": -1367890000.0,
        "Earnings From Equity Interest Net Of Tax": -6104000.0,
        "Tax Provision": 1060000.0,
        "Pretax Income": -1360726000.0,
        "Other Income Expense": 146852000.0,
        "Other Non Operating Income Expenses": 4092000.0,
        "Special Income Charges": 175131000.0,
        "Restructuring And Mergern Acquisition": -175131000.0,
        "Gain On Sale Of Security": -32371000.0,
        "Net Non Operating Interest Income Expense": 313524000.0,
        "Interest Expense Non Operating": 85121000.0,
        "Interest Income Non Operating": 398645000.0,
        "Operating Income": -1821102000.0,
        "Operating Expense": 2664855000.0,
        "Other Operating Expenses": -74040000.0,
        "Research And Development": 1350448000.0,
        "Selling General And Administration": 1388447000.0,
        "Gross Profit": 843753000.0,
        "Cost Of Revenue": 5704343000.0,
        "Total Revenue": 6548096000.0,
        "Operating Revenue": 6548096000.0
    },
    "2024-06-30": {
        "Tax Effect Of Unusual Items": 40845.375515,
        "Tax Rate For Calcs": 0.025105,
        "Normalized EBITDA": -1265513000.0,
        "Total Unusual Items": 1627000.0,
        "Total Unusual Items Excluding Goodwill": 1627000.0,
        "Net Income From Continuing Operation Net Minority Interest": -1284681000.0,
        "Reconciled Cost Of Revenue": 6975617000.0,
        "EBITDA": -1263886000.0,
        "EBIT": -1263886000.0,
        "Net Interest Income": 275283000.0,
        "Interest Expense": 81399000.0,
        "Interest Income": 356682000.0,
        "Normalized Income": -1286267154.624485,
        "Net Income From Continuing And Discontinued Operation": -1284681000.0,
        "Total Expenses": 9737127000.0,
        "Total Operating Income As Reported": -1609058000.0,
        "Diluted Average Shares": 944012330.0,
        "Basic Average Shares": 944012330.0,
        "Diluted EPS": -1.36,
        "Basic EPS": -1.36,
        "Diluted NI Availto Com Stockholders": -1284681000.0,
        "Net Income Common Stockholders": -1284681000.0,
        "Net Income": -1284681000.0,
        "Net Income Including Noncontrolling Interests": -1284681000.0,
        "Net Income Continuous Operations": -1284681000.0,
        "Earnings From Equity Interest Net Of Tax": 26831000.0,
        "Tax Provision": -33773000.0,
        "Pretax Income": -1345285000.0,
        "Other Income Expense": 5152000.0,
        "Other Non Operating Income Expenses": 3525000.0,
        "Special Income Charges": 16662000.0,
        "Restructuring And Mergern Acquisition": -16662000.0,
        "Gain On Sale Of Security": -15035000.0,
        "Net Non Operating Interest Income Expense": 275283000.0,
        "Interest Expense Non Operating": 81399000.0,
        "Interest Income Non Operating": 356682000.0,
        "Operating Income": -1625720000.0,
        "Operating Expense": 2761510000.0,
        "Other Operating Expenses": -278843000.0,
        "Research And Development": 1466752000.0,
        "Selling General And Administration": 1573601000.0,
        "Gross Profit": 1135790000.0,
        "Cost Of Revenue": 6975617000.0,
        "Total Revenue": 8111407000.0,
        "Operating Revenue": 8111407000.0
    },
    "2024-09-30": {
        "Tax Effect Of Unusual Items": -82847000.0,
        "Tax Rate For Calcs": 0.25,
        "Normalized EBITDA": -1360446000.0,
        "Total Unusual Items": -331388000.0,
        "Total Unusual Items Excluding Goodwill": -331388000.0,
        "Net Income From Continuing Operation Net Minority Interest": -1807720000.0,
        "Reconciled Cost Of Revenue": 8560262000.0,
        "EBITDA": -1691834000.0,
        "EBIT": -1691834000.0,
        "Net Interest Income": 234560000.0,
        "Interest Expense": 83461000.0,
        "Interest Income": 318021000.0,
        "Normalized Income": -1559179000.0,
        "Net Income From Continuing And Discontinued Operation": -1807720000.0,
        "Total Expenses": 11786621000.0,
        "Total Operating Income As Reported": -1847096000.0,
        "Diluted Average Shares": 946928889.0,
        "Basic Average Shares": 946928889.0,
        "Diluted EPS": -1.9,
        "Basic EPS": -1.9,
        "Diluted NI Availto Com Stockholders": -1807720000.0,
        "Net Income Common Stockholders": -1807720000.0,
        "Net Income": -1807720000.0,
        "Net Income Including Noncontrolling Interests": -1807720000.0,
        "Net Income Continuous Operations": -1807720000.0,
        "Earnings From Equity Interest Net Of Tax": -25400000.0,
        "Tax Provision": 7025000.0,
        "Pretax Income": -1775295000.0,
        "Other Income Expense": -324944000.0,
        "Other Non Operating Income Expenses": 6444000.0,
        "Special Income Charges": -162185000.0,
        "Restructuring And Mergern Acquisition": 162185000.0,
        "Gain On Sale Of Security": -169203000.0,
        "Net Non Operating Interest Income Expense": 234560000.0,
        "Interest Expense Non Operating": 83461000.0,
        "Interest Income Non Operating": 318021000.0,
        "Operating Income": -1684911000.0,
        "Operating Expense": 3226359000.0,
        "Other Operating Expenses": -39908000.0,
        "Research And Development": 1633071000.0,
        "Selling General And Administration": 1633196000.0,
        "Gross Profit": 1541448000.0,
        "Cost Of Revenue": 8560262000.0,
        "Total Revenue": 10101710000.0,
        "Operating Revenue": 10101710000.0
    }
}