{
    "2023-03-31": {
        "Tax Effect Of Unusual Items": -7869000.0,
        "Tax Rate For Calcs": 0.183,
        "Normalized EBITDA": 207000000.0,
        "Total Unusual Items": -43000000.0,
        "Total Unusual Items Excluding Goodwill": -43000000.0,
        "Net Income From Continuing Operation Net Minority Interest": 17000000.0,
        "Reconciled Depreciation": 101000000.0,
        "Reconciled Cost Of Revenue": 1747000000.0,
        "EBITDA": 164000000.0,
        "EBIT": 63000000.0,
        "Net Interest Income": -42000000.0,
        "Interest Expense": 42000000.0,
        "Normalized Income": 52131000.0,
        "Net Income From Continuing And Discontinued Operation": 14000000.0,
        "Total Expenses": 1806000000.0,
        "Total Operating Income As Reported": 58000000.0,
        "Diluted Average Shares": 116000000.0,
        "Basic Average Shares": 116000000.0,
        "Diluted EPS": 0.13,
        "Basic EPS": 0.13,
        "Diluted NI Availto Com Stockholders": 14000000.0,
        "Net Income Common Stockholders": 14000000.0,
        "Net Income": 14000000.0,
        "Net Income Including Noncontrolling Interests": 14000000.0,
        "Net Income Discontinuous Operations": -3000000.0,
        "Net Income Continuous Operations": 17000000.0,
        "Tax Provision": 4000000.0,
        "Pretax Income": 21000000.0,
        "Other Income Expense": -38000000.0,
        "Other Non Operating Income Expenses": 5000000.0,
        "Special Income Charges": -43000000.0,
        "Gain On Sale Of Ppe": 3000000.0,
        "Other Special Charges": NaN,
        "Restructuring And Mergern Acquisition": 46000000.0,
        "Net Non Operating Interest Income Expense": -42000000.0,
        "Interest Expense Non Operating": 42000000.0,
        "Operating Income": 101000000.0,
        "Operating Expense": 59000000.0,
        "Other Taxes": 15000000.0,
        "Selling General And Administration": 44000000.0,
        "General And Administrative Expense": 44000000.0,
        "Insurance And Claims": 44000000.0,
        "Gross Profit": 160000000.0,
        "Cost Of Revenue": 1747000000.0,
        "Total Revenue": 1907000000.0,
        "Operating Revenue": 1907000000.0
    },
    "2022-12-31": {
        "Tax Effect Of Unusual Items": -92969870.875179,
        "Tax Rate For Calcs": 0.172166,
        "Normalized EBITDA": -82000000.0,
        "Total Unusual Items": -540000000.0,
        "Total Unusual Items Excluding Goodwill": -540000000.0,
        "Net Income From Continuing Operation Net Minority Interest": -577000000.0,
        "Reconciled Depreciation": 43000000.0,
        "Reconciled Cost Of Revenue": -1605000000.0,
        "EBITDA": -622000000.0,
        "EBIT": -665000000.0,
        "Net Interest Income": -32000000.0,
        "Interest Expense": 32000000.0,
        "Normalized Income": -129969870.875179,
        "Net Income From Continuing And Discontinued Operation": -94000000.0,
        "Total Expenses": -1893000000.0,
        "Total Operating Income As Reported": -663000000.0,
        "Diluted Average Shares": 115000000.0,
        "Basic Average Shares": 115000000.0,
        "Diluted EPS": -0.81,
        "Basic EPS": -0.81,
        "Diluted NI Availto Com Stockholders": -94000000.0,
        "Net Income Common Stockholders": -94000000.0,
        "Net Income": -94000000.0,
        "Net Income Including Noncontrolling Interests": -94000000.0,
        "Net Income Discontinuous Operations": 483000000.0,
        "Net Income Continuous Operations": -577000000.0,
        "Tax Provision": -120000000.0,
        "Pretax Income": -697000000.0,
        "Other Income Expense": -529000000.0,
        "Other Non Operating Income Expenses": 11000000.0,
        "Special Income Charges": -540000000.0,
        "Gain On Sale Of Ppe": NaN,
        "Other Special Charges": 13000000.0,
        "Restructuring And Mergern Acquisition": 29000000.0,
        "Net Non Operating Interest Income Expense": -32000000.0,
        "Interest Expense Non Operating": 32000000.0,
        "Operating Income": -136000000.0,
        "Operating Expense": -288000000.0,
        "Other Taxes": NaN,
        "Selling General And Administration": -288000000.0,
        "General And Administrative Expense": NaN,
        "Insurance And Claims": NaN,
        "Gross Profit": -424000000.0,
        "Cost Of Revenue": -1605000000.0,
        "Total Revenue": -2029000000.0,
        "Operating Revenue": -2029000000.0
    },
    "2022-09-30": {
        "Tax Effect Of Unusual Items": -7006060.606061,
        "Tax Rate For Calcs": 0.206061,
        "Normalized EBITDA": 352000000.0,
        "Total Unusual Items": -34000000.0,
        "Total Unusual Items Excluding Goodwill": -34000000.0,
        "Net Income From Continuing Operation Net Minority Interest": 131000000.0,
        "Reconciled Depreciation": 118000000.0,
        "Reconciled Cost Of Revenue": 2525000000.0,
        "EBITDA": 318000000.0,
        "EBIT": 200000000.0,
        "Net Interest Income": -35000000.0,
        "Interest Expense": 35000000.0,
        "Normalized Income": 157993939.393939,
        "Net Income From Continuing And Discontinued Operation": 131000000.0,
        "Total Expenses": 2823000000.0,
        "Total Operating Income As Reported": 185000000.0,
        "Diluted Average Shares": 116000000.0,
        "Basic Average Shares": 115000000.0,
        "Diluted EPS": 1.13,
        "Basic EPS": 1.14,
        "Diluted NI Availto Com Stockholders": 131000000.0,
        "Net Income Common Stockholders": 131000000.0,
        "Net Income": 131000000.0,
        "Minority Interests": 0.0,
        "Net Income Including Noncontrolling Interests": 131000000.0,
        "Net Income Discontinuous Operations": 0.0,
        "Net Income Continuous Operations": 131000000.0,
        "Tax Provision": 34000000.0,
        "Pretax Income": 165000000.0,
        "Other Income Expense": -19000000.0,
        "Other Non Operating Income Expenses": 15000000.0,
        "Special Income Charges": -34000000.0,
        "Gain On Sale Of Ppe": NaN,
        "Gain On Sale Of Business": 0.0,
        "Other Special Charges": NaN,
        "Impairment Of Capital Assets": NaN,
        "Restructuring And Mergern Acquisition": 34000000.0,
        "Net Non Operating Interest Income Expense": -35000000.0,
        "Interest Expense Non Operating": 35000000.0,
        "Operating Income": 219000000.0,
        "Operating Expense": 298000000.0,
        "Other Taxes": NaN,
        "Selling General And Administration": 298000000.0,
        "General And Administrative Expense": NaN,
        "Insurance And Claims": NaN,
        "Gross Profit": 517000000.0,
        "Cost Of Revenue": 2525000000.0,
        "Total Revenue": 3042000000.0,
        "Operating Revenue": 3042000000.0
    },
    "2022-06-30": {
        "Tax Effect Of Unusual Items": -17253000.0,
        "Tax Rate For Calcs": 0.243,
        "Normalized EBITDA": 405000000.0,
        "Total Unusual Items": -71000000.0,
        "Total Unusual Items Excluding Goodwill": -71000000.0,
        "Net Income From Continuing Operation Net Minority Interest": 141000000.0,
        "Reconciled Depreciation": 115000000.0,
        "Reconciled Cost Of Revenue": 2633000000.0,
        "EBITDA": 334000000.0,
        "EBIT": 219000000.0,
        "Net Interest Income": -31000000.0,
        "Interest Expense": 31000000.0,
        "Normalized Income": 194747000.0,
        "Net Income From Continuing And Discontinued Operation": 141000000.0,
        "Total Expenses": 2957000000.0,
        "Total Operating Income As Reported": 230000000.0,
        "Diluted Average Shares": 116000000.0,
        "Basic Average Shares": 115000000.0,
        "Diluted EPS": 1.22,
        "Basic EPS": 1.23,
        "Diluted NI Availto Com Stockholders": 141000000.0,
        "Net Income Common Stockholders": 141000000.0,
        "Net Income": 141000000.0,
        "Minority Interests": 0.0,
        "Net Income Including Noncontrolling Interests": 141000000.0,
        "Net Income Discontinuous Operations": 0.0,
        "Net Income Continuous Operations": 141000000.0,
        "Tax Provision": 47000000.0,
        "Pretax Income": 188000000.0,
        "Other Income Expense": -56000000.0,
        "Other Non Operating Income Expenses": 15000000.0,
        "Special Income Charges": -71000000.0,
        "Gain On Sale Of Ppe": NaN,
        "Gain On Sale Of Business": -16000000.0,
        "Other Special Charges": 26000000.0,
        "Impairment Of Capital Assets": NaN,
        "Restructuring And Mergern Acquisition": 29000000.0,
        "Net Non Operating Interest Income Expense": -31000000.0,
        "Interest Expense Non Operating": 31000000.0,
        "Operating Income": 275000000.0,
        "Operating Expense": 324000000.0,
        "Other Taxes": NaN,
        "Selling General And Administration": 324000000.0,
        "General And Administrative Expense": NaN,
        "Insurance And Claims": NaN,
        "Gross Profit": 599000000.0,
        "Cost Of Revenue": 2633000000.0,
        "Total Revenue": 3232000000.0,
        "Operating Revenue": 3232000000.0
    },
    "2022-03-31": {
        "Diluted EPS": 4.22,
        "Total Revenue": NaN,
        "Gross Profit": NaN,
        "Operating Income": 63,
        "EBIT": 157,
        "Net Income": 488
    },
    "2021-12-31": {
        "Diluted EPS": 1.05,
        "Total Revenue": NaN,
        "Gross Profit": 348,
        "Operating Income": 66,
        "EBIT": 94,
        "Net Income": 122
    },
    "2021-09-30": {
        "Diluted EPS": -0.49,
        "Total Revenue": NaN,
        "Gross Profit": 598,
        "Operating Income": 112,
        "EBIT": 230,
        "Net Income": -57
    },
    "2021-06-30": {
        "Diluted EPS": 1.38,
        "Total Revenue": NaN,
        "Gross Profit": 642,
        "Operating Income": 191,
        "EBIT": 311,
        "Net Income": 156
    },
    "2021-03-31": {
        "Diluted EPS": 1.02,
        "Total Revenue": NaN,
        "Gross Profit": 602,
        "Operating Income": 139,
        "EBIT": 258,
        "Net Income": 115
    },
    "2020-12-31": {
        "Diluted EPS": 0.91,
        "Total Revenue": NaN,
        "Gross Profit": 576,
        "Operating Income": 153,
        "EBIT": 180,
        "Net Income": 125
    },
    "2020-09-30": {
        "Diluted EPS": 0.83,
        "Total Revenue": NaN,
        "Gross Profit": 551,
        "Operating Income": 138,
        "EBIT": 110,
        "Net Income": 84
    },
    "2020-06-30": {
        "Diluted EPS": -1.45,
        "Total Revenue": NaN,
        "Gross Profit": 491,
        "Operating Income": -141,
        "EBIT": 55,
        "Net Income": -132
    },
    "2020-03-31": {
        "Diluted EPS": 0.2,
        "Total Revenue": NaN,
        "Gross Profit": 606,
        "Operating Income": 81,
        "EBIT": 264,
        "Net Income": 21
    },
    "2019-12-31": {
        "Diluted EPS": 0.87,
        "Total Revenue": NaN,
        "Gross Profit": 120,
        "Operating Income": -58,
        "EBIT": -137,
        "Net Income": 137
    },
    "2019-09-30": {
        "Diluted EPS": 1.14,
        "Total Revenue": NaN,
        "Gross Profit": 685,
        "Operating Income": 229,
        "EBIT": 415,
        "Net Income": 117
    },
    "2019-06-30": {
        "Diluted EPS": 1.19,
        "Total Revenue": NaN,
        "Gross Profit": 713,
        "Operating Income": 258,
        "EBIT": 438,
        "Net Income": 122
    },
    "2019-03-31": {
        "Diluted EPS": 0.37,
        "Total Revenue": NaN,
        "Gross Profit": 618,
        "Operating Income": 132,
        "EBIT": 312,
        "Net Income": 43
    },
    "2018-12-31": {
        "Diluted EPS": 0.61,
        "Total Revenue": NaN,
        "Gross Profit": 612,
        "Operating Income": 126,
        "EBIT": 314,
        "Net Income": 84
    },
    "2018-09-30": {
        "Diluted EPS": 0.74,
        "Total Revenue": NaN,
        "Gross Profit": 655,
        "Operating Income": 209,
        "EBIT": 389,
        "Net Income": 101
    },
    "2018-06-30": {
        "Diluted EPS": 1.03,
        "Total Revenue": NaN,
        "Gross Profit": 683,
        "Operating Income": 228,
        "EBIT": 405,
        "Net Income": 138
    },
    "2018-03-31": {
        "Diluted EPS": 0.5,
        "Total Revenue": NaN,
        "Gross Profit": 591,
        "Operating Income": 141,
        "EBIT": 312,
        "Net Income": 67
    },
    "2017-12-31": {
        "Diluted EPS": 1.47,
        "Total Revenue": NaN,
        "Gross Profit": 574,
        "Operating Income": 126,
        "EBIT": 295,
        "Net Income": 187
    },
    "2017-09-30": {
        "Diluted EPS": 0.44,
        "Total Revenue": NaN,
        "Gross Profit": 576,
        "Operating Income": 177,
        "EBIT": 344,
        "Net Income": 58
    },
    "2017-06-30": {
        "Diluted EPS": 0.38,
        "Total Revenue": NaN,
        "Gross Profit": 587,
        "Operating Income": 175,
        "EBIT": 340,
        "Net Income": 48
    },
    "2017-03-31": {
        "Diluted EPS": 0.16,
        "Total Revenue": NaN,
        "Gross Profit": 506,
        "Operating Income": 104,
        "EBIT": 261,
        "Net Income": 20
    },
    "2016-12-31": {
        "Diluted EPS": 0.28,
        "Total Revenue": NaN,
        "Gross Profit": 490,
        "Operating Income": 63,
        "EBIT": 220,
        "Net Income": 30
    },
    "2016-09-30": {
        "Diluted EPS": 0.11,
        "Total Revenue": NaN,
        "Gross Profit": 552,
        "Operating Income": 169,
        "EBIT": 331,
        "Net Income": 14
    },
    "2016-06-30": {
        "Diluted EPS": 0.35,
        "Total Revenue": NaN,
        "Gross Profit": 580,
        "Operating Income": 170,
        "EBIT": 332,
        "Net Income": 43
    },
    "2016-03-31": {
        "Diluted EPS": -0.21,
        "Total Revenue": NaN,
        "Gross Profit": 494,
        "Operating Income": 62,
        "EBIT": 225,
        "Net Income": -23
    },
    "2015-12-31": {
        "Diluted EPS": -0.62,
        "Total Revenue": NaN,
        "Gross Profit": 457,
        "Operating Income": -38,
        "EBIT": 135,
        "Net Income": -62
    },
    "2015-09-30": {
        "Diluted EPS": -0.94,
        "Total Revenue": NaN,
        "Gross Profit": 327,
        "Operating Income": 44,
        "EBIT": 146,
        "Net Income": -93
    },
    "2015-06-30": {
        "Diluted EPS": -0.89,
        "Total Revenue": NaN,
        "Gross Profit": 190,
        "Operating Income": -30,
        "EBIT": 26,
        "Net Income": -75
    },
    "2015-03-31": {
        "Diluted EPS": -0.2,
        "Total Revenue": 703,
        "Gross Profit": 111,
        "Operating Income": -5,
        "EBIT": 29,
        "Net Income": -15
    },
    "2014-12-31": {
        "Diluted EPS": -0.79,
        "Total Revenue": 831,
        "Gross Profit": 128,
        "Operating Income": 6,
        "EBIT": 41,
        "Net Income": -52
    },
    "2014-09-30": {
        "Diluted EPS": -0.23,
        "Total Revenue": 663,
        "Gross Profit": 104,
        "Operating Income": -14,
        "EBIT": 14,
        "Net Income": -12
    },
    "2014-06-30": {
        "Diluted EPS": -0.28,
        "Total Revenue": 581,
        "Gross Profit": 95,
        "Operating Income": -12,
        "EBIT": 13,
        "Net Income": -15
    },
    "2014-03-31": {
        "Diluted EPS": -0.7,
        "Total Revenue": 282,
        "Gross Profit": 54,
        "Operating Income": -21,
        "EBIT": -10,
        "Net Income": -29
    },
    "2013-12-31": {
        "Diluted EPS": -0.13,
        "Total Revenue": 257,
        "Gross Profit": 49,
        "Operating Income": -8,
        "EBIT": 1,
        "Net Income": -11
    },
    "2013-09-30": {
        "Diluted EPS": -0.28,
        "Total Revenue": 194,
        "Gross Profit": 33,
        "Operating Income": -18,
        "EBIT": -10,
        "Net Income": -7
    },
    "2013-06-30": {
        "Diluted EPS": -1.0,
        "Total Revenue": 137,
        "Gross Profit": 19,
        "Operating Income": -14,
        "EBIT": -12,
        "Net Income": -18
    },
    "2013-03-31": {
        "Diluted EPS": -0.85,
        "Total Revenue": 114,
        "Gross Profit": 16,
        "Operating Income": -11,
        "EBIT": -10,
        "Net Income": -15
    },
    "2012-12-31": {
        "Diluted EPS": -0.57,
        "Total Revenue": 109,
        "Gross Profit": 16,
        "Operating Income": -11,
        "EBIT": -10,
        "Net Income": -10
    },
    "2012-09-30": {
        "Diluted EPS": -0.22,
        "Total Revenue": 71,
        "Gross Profit": 10,
        "Operating Income": -9,
        "EBIT": -9,
        "Net Income": -4
    },
    "2012-06-30": {
        "Diluted EPS": -0.34,
        "Total Revenue": 55,
        "Gross Profit": 8,
        "Operating Income": -3,
        "EBIT": -3,
        "Net Income": -6
    },
    "2012-03-31": {
        "Diluted EPS": -0.36,
        "Total Revenue": 45,
        "Gross Profit": 7,
        "Operating Income": -4,
        "EBIT": -4,
        "Net Income": -3
    },
    "2011-12-31": {
        "Diluted EPS": -0.27,
        "Total Revenue": 44,
        "Gross Profit": 7,
        "Operating Income": -2,
        "EBIT": -2,
        "Net Income": -2
    },
    "2011-09-30": {
        "Diluted EPS": -5.38,
        "Total Revenue": 47,
        "Gross Profit": 8,
        "Operating Income": 0,
        "EBIT": 1,
        "Net Income": -44
    },
    "2011-06-30": {
        "Diluted EPS": 0.11,
        "Total Revenue": 44,
        "Gross Profit": 7,
        "Operating Income": 2,
        "EBIT": 2,
        "Net Income": 1
    },
    "2011-03-31": {
        "Diluted EPS": 0.13,
        "Total Revenue": 42,
        "Gross Profit": 7,
        "Operating Income": 2,
        "EBIT": 2,
        "Net Income": 1
    },
    "2010-12-31": {
        "Diluted EPS": 0.06,
        "Total Revenue": 42,
        "Gross Profit": 6,
        "Operating Income": 1,
        "EBIT": 2,
        "Net Income": 1
    },
    "2010-09-30": {
        "Diluted EPS": 0.21,
        "Total Revenue": 44,
        "Gross Profit": 8,
        "Operating Income": 3,
        "EBIT": 3,
        "Net Income": 2
    },
    "2010-06-30": {
        "Diluted EPS": 0.2,
        "Total Revenue": 40,
        "Gross Profit": 7,
        "Operating Income": 3,
        "EBIT": 3,
        "Net Income": 2
    },
    "2010-03-31": {
        "Diluted EPS": 0.12,
        "Total Revenue": 32,
        "Gross Profit": 6,
        "Operating Income": 2,
        "EBIT": 2,
        "Net Income": 1
    },
    "2009-12-31": {
        "Diluted EPS": 0.05,
        "Total Revenue": 32,
        "Gross Profit": 5,
        "Operating Income": 1,
        "EBIT": 1,
        "Net Income": 1
    },
    "2009-09-30": {
        "Diluted EPS": 0.12,
        "Total Revenue": 26,
        "Gross Profit": 5,
        "Operating Income": 1,
        "EBIT": 2,
        "Net Income": 1
    },
    "2009-06-30": {
        "Diluted EPS": 0.04,
        "Total Revenue": 22,
        "Gross Profit": 4,
        "Operating Income": 1,
        "EBIT": 1,
        "Net Income": 0
    },
    "2009-03-31": {
        "Diluted EPS": 0.0,
        "Total Revenue": 20,
        "Gross Profit": 3,
        "Operating Income": 0,
        "EBIT": 0,
        "Net Income": 0
    },
    "2023-06-30": {
        "Tax Effect Of Unusual Items": -13824000.0,
        "Tax Rate For Calcs": 0.288,
        "Normalized EBITDA": 242000000.0,
        "Total Unusual Items": -48000000.0,
        "Total Unusual Items Excluding Goodwill": -48000000.0,
        "Net Income From Continuing Operation Net Minority Interest": 31000000.0,
        "Reconciled Depreciation": 107000000.0,
        "Reconciled Cost Of Revenue": 1724000000.0,
        "EBITDA": 194000000.0,
        "EBIT": 87000000.0,
        "Net Interest Income": -43000000.0,
        "Interest Expense": 43000000.0,
        "Normalized Income": 65176000.0,
        "Net Income From Continuing And Discontinued Operation": 33000000.0,
        "Total Expenses": 1785000000.0,
        "Total Operating Income As Reported": 107000000.0,
        "Diluted Average Shares": 118000000.0,
        "Basic Average Shares": 116000000.0,
        "Diluted EPS": 0.28,
        "Basic EPS": 0.28,
        "Diluted NI Availto Com Stockholders": 33000000.0,
        "Net Income Common Stockholders": 33000000.0,
        "Net Income": 33000000.0,
        "Net Income Including Noncontrolling Interests": 33000000.0,
        "Net Income Discontinuous Operations": 2000000.0,
        "Net Income Continuous Operations": 31000000.0,
        "Tax Provision": 13000000.0,
        "Pretax Income": 44000000.0,
        "Other Income Expense": -45000000.0,
        "Other Non Operating Income Expenses": 3000000.0,
        "Special Income Charges": -48000000.0,
        "Gain On Sale Of Ppe": 2000000.0,
        "Other Special Charges": 23000000.0,
        "Restructuring And Mergern Acquisition": 27000000.0,
        "Net Non Operating Interest Income Expense": -43000000.0,
        "Interest Expense Non Operating": 43000000.0,
        "Operating Income": 132000000.0,
        "Operating Expense": 61000000.0,
        "Other Taxes": 15000000.0,
        "Selling General And Administration": 46000000.0,
        "General And Administrative Expense": 46000000.0,
        "Insurance And Claims": 46000000.0,
        "Gross Profit": 193000000.0,
        "Cost Of Revenue": 1724000000.0,
        "Total Revenue": 1917000000.0,
        "Operating Revenue": 1917000000.0
    },
    "2023-09-30": {
        "Tax Effect Of Unusual Items": -2700000.0,
        "Tax Rate For Calcs": 0.27,
        "Normalized EBITDA": 278000000.0,
        "Total Unusual Items": -10000000.0,
        "Total Unusual Items Excluding Goodwill": -10000000.0,
        "Net Income From Continuing Operation Net Minority Interest": 86000000.0,
        "Reconciled Depreciation": 110000000.0,
        "Reconciled Cost Of Revenue": 1762000000.0,
        "EBITDA": 268000000.0,
        "EBIT": 158000000.0,
        "Net Interest Income": -41000000.0,
        "Interest Expense": 41000000.0,
        "Normalized Income": 93300000.0,
        "Net Income From Continuing And Discontinued Operation": 84000000.0,
        "Total Expenses": 1816000000.0,
        "Total Operating Income As Reported": 154000000.0,
        "Diluted Average Shares": 119000000.0,
        "Basic Average Shares": 116000000.0,
        "Diluted EPS": 0.71,
        "Basic EPS": 0.73,
        "Diluted NI Availto Com Stockholders": 84000000.0,
        "Net Income Common Stockholders": 84000000.0,
        "Net Income": 84000000.0,
        "Net Income Including Noncontrolling Interests": 84000000.0,
        "Net Income Discontinuous Operations": -2000000.0,
        "Net Income Continuous Operations": 86000000.0,
        "Tax Provision": 31000000.0,
        "Pretax Income": 117000000.0,
        "Other Income Expense": -6000000.0,
        "Other Non Operating Income Expenses": 4000000.0,
        "Special Income Charges": -10000000.0,
        "Gain On Sale Of Ppe": -1000000.0,
        "Other Special Charges": NaN,
        "Restructuring And Mergern Acquisition": 9000000.0,
        "Net Non Operating Interest Income Expense": -41000000.0,
        "Interest Expense Non Operating": 41000000.0,
        "Operating Income": 164000000.0,
        "Operating Expense": 54000000.0,
        "Other Taxes": 15000000.0,
        "Selling General And Administration": 39000000.0,
        "General And Administrative Expense": 39000000.0,
        "Insurance And Claims": 39000000.0,
        "Gross Profit": 218000000.0,
        "Cost Of Revenue": 1762000000.0,
        "Total Revenue": 1980000000.0,
        "Operating Revenue": 1980000000.0
    },
    "2023-12-31": {
        "Tax Effect Of Unusual Items": -7435897.435897,
        "Tax Rate For Calcs": 0.25641,
        "Normalized EBITDA": 263000000.0,
        "Total Unusual Items": -29000000.0,
        "Total Unusual Items Excluding Goodwill": -29000000.0,
        "Net Income From Continuing Operation Net Minority Interest": 58000000.0,
        "Reconciled Depreciation": 114000000.0,
        "Reconciled Cost Of Revenue": 1741000000.0,
        "EBITDA": 234000000.0,
        "EBIT": 120000000.0,
        "Net Interest Income": -42000000.0,
        "Interest Expense": 42000000.0,
        "Normalized Income": 79564102.564103,
        "Net Income From Continuing And Discontinued Operation": 58000000.0,
        "Total Expenses": 1794000000.0,
        "Total Operating Income As Reported": 119000000.0,
        "Diluted Average Shares": 120000000.0,
        "Basic Average Shares": 116000000.0,
        "Diluted EPS": 0.49,
        "Basic EPS": 0.5,
        "Diluted NI Availto Com Stockholders": 58000000.0,
        "Net Income Common Stockholders": 58000000.0,
        "Net Income": 58000000.0,
        "Net Income Including Noncontrolling Interests": 58000000.0,
        "Net Income Discontinuous Operations": 0.0,
        "Net Income Continuous Operations": 58000000.0,
        "Tax Provision": 20000000.0,
        "Pretax Income": 78000000.0,
        "Other Income Expense": -26000000.0,
        "Other Non Operating Income Expenses": 3000000.0,
        "Special Income Charges": -29000000.0,
        "Gain On Sale Of Ppe": 1000000.0,
        "Other Special Charges": 10000000.0,
        "Restructuring And Mergern Acquisition": 20000000.0,
        "Net Non Operating Interest Income Expense": -42000000.0,
        "Interest Expense Non Operating": 42000000.0,
        "Operating Income": 146000000.0,
        "Operating Expense": 53000000.0,
        "Other Taxes": 15000000.0,
        "Selling General And Administration": 38000000.0,
        "General And Administrative Expense": 38000000.0,
        "Insurance And Claims": 38000000.0,
        "Gross Profit": 199000000.0,
        "Cost Of Revenue": 1741000000.0,
        "Total Revenue": 1940000000.0,
        "Operating Revenue": 1940000000.0
    },
    "2024-03-31": {
        "Tax Effect Of Unusual Items": -5040000.0,
        "Tax Rate For Calcs": 0.252,
        "Normalized EBITDA": 285000000.0,
        "Total Unusual Items": -20000000.0,
        "Total Unusual Items Excluding Goodwill": -20000000.0,
        "Net Income From Continuing Operation Net Minority Interest": 67000000.0,
        "Reconciled Depreciation": 117000000.0,
        "Reconciled Cost Of Revenue": 1802000000.0,
        "EBITDA": 265000000.0,
        "EBIT": 148000000.0,
        "Net Interest Income": -58000000.0,
        "Interest Expense": 58000000.0,
        "Normalized Income": 81960000.0,
        "Net Income From Continuing And Discontinued Operation": 67000000.0,
        "Total Expenses": 1859000000.0,
        "Total Operating Income As Reported": 138000000.0,
        "Diluted Average Shares": 120000000.0,
        "Basic Average Shares": 116000000.0,
        "Diluted EPS": 0.56,
        "Basic EPS": 0.58,
        "Diluted NI Availto Com Stockholders": 67000000.0,
        "Net Income Common Stockholders": 67000000.0,
        "Net Income": 67000000.0,
        "Net Income Including Noncontrolling Interests": 67000000.0,
        "Net Income Discontinuous Operations": 0.0,
        "Net Income Continuous Operations": 67000000.0,
        "Tax Provision": 23000000.0,
        "Pretax Income": 90000000.0,
        "Other Income Expense": -10000000.0,
        "Other Non Operating Income Expenses": 10000000.0,
        "Special Income Charges": -20000000.0,
        "Gain On Sale Of Ppe": 2000000.0,
        "Other Special Charges": NaN,
        "Restructuring And Mergern Acquisition": 22000000.0,
        "Net Non Operating Interest Income Expense": -58000000.0,
        "Interest Expense Non Operating": 58000000.0,
        "Operating Income": 159000000.0,
        "Operating Expense": 57000000.0,
        "Other Taxes": 19000000.0,
        "Selling General And Administration": 38000000.0,
        "General And Administrative Expense": 38000000.0,
        "Insurance And Claims": 38000000.0,
        "Gross Profit": 216000000.0,
        "Cost Of Revenue": 1802000000.0,
        "Total Revenue": 2018000000.0,
        "Operating Revenue": 2018000000.0
    }
}