{
    "2023-03-31": {
        "Tax Effect Of Unusual Items": NaN,
        "Tax Rate For Calcs": NaN,
        "Normalized EBITDA": NaN,
        "Total Unusual Items": NaN,
        "Total Unusual Items Excluding Goodwill": NaN,
        "Net Income From Continuing Operation Net Minority Interest": NaN,
        "Reconciled Depreciation": NaN,
        "Reconciled Cost Of Revenue": NaN,
        "EBITDA": NaN,
        "EBIT": NaN,
        "Net Interest Income": NaN,
        "Interest Expense": NaN,
        "Interest Income": NaN,
        "Normalized Income": NaN,
        "Net Income From Continuing And Discontinued Operation": NaN,
        "Total Expenses": NaN,
        "Total Operating Income As Reported": NaN,
        "Diluted Average Shares": 30754000.0,
        "Basic Average Shares": 30754000.0,
        "Diluted EPS": -1.38,
        "Basic EPS": -1.38,
        "Diluted NI Availto Com Stockholders": NaN,
        "Average Dilution Earnings": NaN,
        "Net Income Common Stockholders": NaN,
        "Otherunder Preferred Stock Dividend": NaN,
        "Preferred Stock Dividends": NaN,
        "Net Income": NaN,
        "Minority Interests": NaN,
        "Net Income Including Noncontrolling Interests": NaN,
        "Net Income Continuous Operations": NaN,
        "Tax Provision": NaN,
        "Pretax Income": NaN,
        "Other Income Expense": NaN,
        "Other Non Operating Income Expenses": NaN,
        "Special Income Charges": NaN,
        "Impairment Of Capital Assets": NaN,
        "Restructuring And Mergern Acquisition": NaN,
        "Net Non Operating Interest Income Expense": NaN,
        "Interest Expense Non Operating": NaN,
        "Interest Income Non Operating": NaN,
        "Operating Income": NaN,
        "Operating Expense": NaN,
        "Depreciation Amortization Depletion Income Statement": NaN,
        "Depreciation And Amortization In Income Statement": NaN,
        "Selling General And Administration": NaN,
        "Gross Profit": NaN,
        "Cost Of Revenue": NaN,
        "Total Revenue": NaN,
        "Operating Revenue": NaN
    },
    "2022-12-31": {
        "Tax Effect Of Unusual Items": NaN,
        "Tax Rate For Calcs": NaN,
        "Normalized EBITDA": NaN,
        "Total Unusual Items": NaN,
        "Total Unusual Items Excluding Goodwill": NaN,
        "Net Income From Continuing Operation Net Minority Interest": NaN,
        "Reconciled Depreciation": NaN,
        "Reconciled Cost Of Revenue": NaN,
        "EBITDA": NaN,
        "EBIT": NaN,
        "Net Interest Income": NaN,
        "Interest Expense": NaN,
        "Interest Income": NaN,
        "Normalized Income": NaN,
        "Net Income From Continuing And Discontinued Operation": NaN,
        "Total Expenses": NaN,
        "Total Operating Income As Reported": NaN,
        "Diluted Average Shares": 26819000.0,
        "Basic Average Shares": 26819000.0,
        "Diluted EPS": -1.13,
        "Basic EPS": -1.13,
        "Diluted NI Availto Com Stockholders": NaN,
        "Average Dilution Earnings": NaN,
        "Net Income Common Stockholders": NaN,
        "Otherunder Preferred Stock Dividend": NaN,
        "Preferred Stock Dividends": NaN,
        "Net Income": NaN,
        "Minority Interests": NaN,
        "Net Income Including Noncontrolling Interests": NaN,
        "Net Income Continuous Operations": NaN,
        "Tax Provision": NaN,
        "Pretax Income": NaN,
        "Other Income Expense": NaN,
        "Other Non Operating Income Expenses": NaN,
        "Special Income Charges": NaN,
        "Restructuring And Mergern Acquisition": NaN,
        "Net Non Operating Interest Income Expense": NaN,
        "Interest Expense Non Operating": NaN,
        "Interest Income Non Operating": NaN,
        "Operating Income": NaN,
        "Operating Expense": NaN,
        "Depreciation Amortization Depletion Income Statement": NaN,
        "Depreciation And Amortization In Income Statement": NaN,
        "Selling General And Administration": NaN,
        "Gross Profit": NaN,
        "Cost Of Revenue": NaN,
        "Total Revenue": NaN,
        "Operating Revenue": NaN
    },
    "2022-09-30": {
        "Tax Effect Of Unusual Items": NaN,
        "Tax Rate For Calcs": NaN,
        "Normalized EBITDA": NaN,
        "Total Unusual Items": NaN,
        "Total Unusual Items Excluding Goodwill": NaN,
        "Net Income From Continuing Operation Net Minority Interest": NaN,
        "Reconciled Depreciation": NaN,
        "Reconciled Cost Of Revenue": NaN,
        "EBITDA": NaN,
        "EBIT": NaN,
        "Net Interest Income": NaN,
        "Interest Expense": NaN,
        "Interest Income": NaN,
        "Normalized Income": NaN,
        "Net Income From Continuing And Discontinued Operation": NaN,
        "Total Expenses": NaN,
        "Total Operating Income As Reported": NaN,
        "Diluted Average Shares": NaN,
        "Basic Average Shares": NaN,
        "Diluted EPS": NaN,
        "Basic EPS": NaN,
        "Diluted NI Availto Com Stockholders": NaN,
        "Average Dilution Earnings": 0.0,
        "Net Income Common Stockholders": NaN,
        "Otherunder Preferred Stock Dividend": NaN,
        "Preferred Stock Dividends": NaN,
        "Net Income": NaN,
        "Minority Interests": NaN,
        "Net Income Including Noncontrolling Interests": NaN,
        "Net Income Continuous Operations": NaN,
        "Tax Provision": NaN,
        "Pretax Income": NaN,
        "Other Income Expense": NaN,
        "Other Non Operating Income Expenses": NaN,
        "Special Income Charges": NaN,
        "Restructuring And Mergern Acquisition": NaN,
        "Net Non Operating Interest Income Expense": NaN,
        "Interest Expense Non Operating": NaN,
        "Interest Income Non Operating": NaN,
        "Operating Income": NaN,
        "Operating Expense": NaN,
        "Depreciation Amortization Depletion Income Statement": NaN,
        "Depreciation And Amortization In Income Statement": NaN,
        "Selling General And Administration": NaN,
        "Gross Profit": NaN,
        "Cost Of Revenue": NaN,
        "Total Revenue": NaN,
        "Operating Revenue": NaN
    },
    "2022-06-30": {
        "Tax Effect Of Unusual Items": 2087382.0,
        "Tax Rate For Calcs": 0.066,
        "Normalized EBITDA": 8512000.0,
        "Total Unusual Items": 31627000.0,
        "Total Unusual Items Excluding Goodwill": 31627000.0,
        "Net Income From Continuing Operation Net Minority Interest": -41115000.0,
        "Reconciled Depreciation": 3579000.0,
        "Reconciled Cost Of Revenue": 22144000.0,
        "EBITDA": 40139000.0,
        "EBIT": 36560000.0,
        "Net Interest Income": -2448000.0,
        "Interest Expense": 2866000.0,
        "Interest Income": 418000.0,
        "Normalized Income": -70654618.0,
        "Net Income From Continuing And Discontinued Operation": -41115000.0,
        "Total Expenses": 55045000.0,
        "Total Operating Income As Reported": 36142000.0,
        "Diluted Average Shares": 63183000.0,
        "Basic Average Shares": 25414000.0,
        "Diluted EPS": 0.5,
        "Basic EPS": 3.28,
        "Diluted NI Availto Com Stockholders": 31477000.0,
        "Average Dilution Earnings": -51979000.0,
        "Net Income Common Stockholders": 83456000.0,
        "Otherunder Preferred Stock Dividend": -127821000.0,
        "Preferred Stock Dividends": 3250000.0,
        "Net Income": -41115000.0,
        "Minority Interests": -72592000.0,
        "Net Income Including Noncontrolling Interests": 31477000.0,
        "Net Income Continuous Operations": 31477000.0,
        "Tax Provision": 2217000.0,
        "Pretax Income": 33694000.0,
        "Other Income Expense": 31627000.0,
        "Other Non Operating Income Expenses": NaN,
        "Special Income Charges": 31627000.0,
        "Restructuring And Mergern Acquisition": -31627000.0,
        "Net Non Operating Interest Income Expense": -2448000.0,
        "Interest Expense Non Operating": 2866000.0,
        "Interest Income Non Operating": 418000.0,
        "Operating Income": 4515000.0,
        "Operating Expense": 32901000.0,
        "Depreciation Amortization Depletion Income Statement": 3579000.0,
        "Depreciation And Amortization In Income Statement": 3579000.0,
        "Selling General And Administration": 29322000.0,
        "Gross Profit": 37416000.0,
        "Cost Of Revenue": 22144000.0,
        "Total Revenue": 59560000.0,
        "Operating Revenue": 51693000.0
    },
    "2022-03-31": {
        "Diluted EPS": -1.51,
        "Total Revenue": 50,
        "Gross Profit": 37,
        "Operating Income": -15,
        "EBIT": -11,
        "Net Income": -8
    },
    "2021-12-31": {
        "Diluted EPS": -2.47,
        "Total Revenue": 49,
        "Gross Profit": 36,
        "Operating Income": -27,
        "EBIT": -23,
        "Net Income": -47
    },
    "2021-09-30": {
        "Diluted EPS": -0.38,
        "Total Revenue": 41,
        "Gross Profit": 30,
        "Operating Income": -3,
        "EBIT": 2,
        "Net Income": -4
    },
    "2021-06-30": {
        "Diluted EPS": 0.0,
        "Total Revenue": 36,
        "Gross Profit": 26,
        "Operating Income": 0,
        "EBIT": 7,
        "Net Income": -8
    },
    "2021-03-31": {
        "Diluted EPS": 0.0,
        "Total Revenue": 29,
        "Gross Profit": 21,
        "Operating Income": 0,
        "EBIT": 2,
        "Net Income": -5
    },
    "2020-12-31": {
        "Diluted EPS": 0.0,
        "Total Revenue": NaN,
        "Gross Profit": NaN,
        "Operating Income": NaN,
        "EBIT": NaN,
        "Net Income": NaN
    },
    "2020-09-30": {
        "Diluted EPS": 0.0,
        "Total Revenue": 26,
        "Gross Profit": 18,
        "Operating Income": 3,
        "EBIT": 5,
        "Net Income": -2
    },
    "2020-06-30": {
        "Diluted EPS": 0.0,
        "Total Revenue": 21,
        "Gross Profit": 13,
        "Operating Income": 0,
        "EBIT": 0,
        "Net Income": -5
    },
    "2019-12-31": {
        "Diluted EPS": 0.0,
        "Total Revenue": NaN,
        "Gross Profit": NaN,
        "Operating Income": NaN,
        "EBIT": NaN,
        "Net Income": NaN
    },
    "2023-06-30": {
        "Tax Effect Of Unusual Items": NaN,
        "Tax Rate For Calcs": NaN,
        "Normalized EBITDA": NaN,
        "Total Unusual Items": NaN,
        "Total Unusual Items Excluding Goodwill": NaN,
        "Net Income From Continuing Operation Net Minority Interest": NaN,
        "Reconciled Depreciation": NaN,
        "Reconciled Cost Of Revenue": NaN,
        "EBITDA": NaN,
        "EBIT": NaN,
        "Net Interest Income": NaN,
        "Interest Expense": NaN,
        "Interest Income": NaN,
        "Normalized Income": NaN,
        "Net Income From Continuing And Discontinued Operation": NaN,
        "Total Expenses": NaN,
        "Total Operating Income As Reported": NaN,
        "Diluted Average Shares": 41593000.0,
        "Basic Average Shares": 33045000.0,
        "Diluted EPS": 0.09,
        "Basic EPS": 1.44,
        "Diluted NI Availto Com Stockholders": NaN,
        "Average Dilution Earnings": -43694000.0,
        "Net Income Common Stockholders": NaN,
        "Otherunder Preferred Stock Dividend": NaN,
        "Preferred Stock Dividends": NaN,
        "Net Income": NaN,
        "Minority Interests": NaN,
        "Net Income Including Noncontrolling Interests": NaN,
        "Net Income Continuous Operations": NaN,
        "Tax Provision": NaN,
        "Pretax Income": NaN,
        "Other Income Expense": NaN,
        "Other Non Operating Income Expenses": NaN,
        "Special Income Charges": NaN,
        "Impairment Of Capital Assets": 7238000.0,
        "Restructuring And Mergern Acquisition": NaN,
        "Net Non Operating Interest Income Expense": NaN,
        "Interest Expense Non Operating": NaN,
        "Interest Income Non Operating": NaN,
        "Operating Income": NaN,
        "Operating Expense": NaN,
        "Depreciation Amortization Depletion Income Statement": NaN,
        "Depreciation And Amortization In Income Statement": NaN,
        "Selling General And Administration": NaN,
        "Gross Profit": NaN,
        "Cost Of Revenue": NaN,
        "Total Revenue": NaN,
        "Operating Revenue": NaN
    },
    "2023-09-30": {
        "Tax Effect Of Unusual Items": -577080.0,
        "Tax Rate For Calcs": 0.21,
        "Normalized EBITDA": 12621000.0,
        "Total Unusual Items": -2748000.0,
        "Total Unusual Items Excluding Goodwill": -2748000.0,
        "Net Income From Continuing Operation Net Minority Interest": -20159000.0,
        "Reconciled Depreciation": 4216000.0,
        "Reconciled Cost Of Revenue": 22085000.0,
        "EBITDA": 9873000.0,
        "EBIT": 5657000.0,
        "Net Interest Income": -10614000.0,
        "Interest Expense": 10638000.0,
        "Interest Income": 24000.0,
        "Normalized Income": -17988080.0,
        "Net Income From Continuing And Discontinued Operation": -20159000.0,
        "Total Expenses": 70209000.0,
        "Total Operating Income As Reported": 7478000.0,
        "Diluted Average Shares": 40223000.0,
        "Basic Average Shares": 32260000.0,
        "Diluted EPS": -0.5,
        "Basic EPS": 0.91,
        "Diluted NI Availto Com Stockholders": -20159000.0,
        "Average Dilution Earnings": -49572000.0,
        "Net Income Common Stockholders": 29413000.0,
        "Otherunder Preferred Stock Dividend": -51435000.0,
        "Preferred Stock Dividends": 1863000.0,
        "Net Income": -20159000.0,
        "Minority Interests": -14976000.0,
        "Net Income Including Noncontrolling Interests": -5183000.0,
        "Net Income Continuous Operations": -5183000.0,
        "Tax Provision": 202000.0,
        "Pretax Income": -4981000.0,
        "Other Income Expense": -4593000.0,
        "Other Non Operating Income Expenses": -1845000.0,
        "Special Income Charges": -2748000.0,
        "Impairment Of Capital Assets": 4671000.0,
        "Restructuring And Mergern Acquisition": -1923000.0,
        "Net Non Operating Interest Income Expense": -10614000.0,
        "Interest Expense Non Operating": 10638000.0,
        "Interest Income Non Operating": 24000.0,
        "Operating Income": 10226000.0,
        "Operating Expense": 48124000.0,
        "Depreciation Amortization Depletion Income Statement": 4216000.0,
        "Depreciation And Amortization In Income Statement": 4216000.0,
        "Selling General And Administration": 43908000.0,
        "Gross Profit": 58350000.0,
        "Cost Of Revenue": 22085000.0,
        "Total Revenue": 80435000.0,
        "Operating Revenue": 64393000.0
    },
    "2023-12-31": {
        "Tax Effect Of Unusual Items": -3388560.0,
        "Tax Rate For Calcs": 0.21,
        "Normalized EBITDA": 26869000.0,
        "Total Unusual Items": -16136000.0,
        "Total Unusual Items Excluding Goodwill": -16136000.0,
        "Net Income From Continuing Operation Net Minority Interest": -10713000.0,
        "Reconciled Depreciation": 7458000.0,
        "Reconciled Cost Of Revenue": 24736000.0,
        "EBITDA": 10733000.0,
        "EBIT": 3275000.0,
        "Net Interest Income": -11069000.0,
        "Interest Expense": 11491000.0,
        "Interest Income": 422000.0,
        "Normalized Income": 2034440.0,
        "Net Income From Continuing And Discontinued Operation": -10713000.0,
        "Total Expenses": 71110000.0,
        "Total Operating Income As Reported": 2949000.0,
        "Diluted Average Shares": NaN,
        "Basic Average Shares": NaN,
        "Diluted EPS": NaN,
        "Basic EPS": NaN,
        "Diluted NI Availto Com Stockholders": -10713000.0,
        "Average Dilution Earnings": -13781000.0,
        "Net Income Common Stockholders": 3068000.0,
        "Otherunder Preferred Stock Dividend": -2965000.0,
        "Preferred Stock Dividends": -10816000.0,
        "Net Income": -10713000.0,
        "Minority Interests": -1638000.0,
        "Net Income Including Noncontrolling Interests": -9075000.0,
        "Net Income Continuous Operations": -9075000.0,
        "Tax Provision": 859000.0,
        "Pretax Income": -8216000.0,
        "Other Income Expense": -16232000.0,
        "Other Non Operating Income Expenses": -96000.0,
        "Special Income Charges": -16136000.0,
        "Impairment Of Capital Assets": NaN,
        "Restructuring And Mergern Acquisition": -531000.0,
        "Net Non Operating Interest Income Expense": -11069000.0,
        "Interest Expense Non Operating": 11491000.0,
        "Interest Income Non Operating": 422000.0,
        "Operating Income": 19085000.0,
        "Operating Expense": 43098000.0,
        "Depreciation Amortization Depletion Income Statement": 4182000.0,
        "Depreciation And Amortization In Income Statement": 4182000.0,
        "Selling General And Administration": 38916000.0,
        "Gross Profit": 62183000.0,
        "Cost Of Revenue": 28012000.0,
        "Total Revenue": 90195000.0,
        "Operating Revenue": 73100000.0
    },
    "2024-03-31": {
        "Tax Effect Of Unusual Items": -49665.0,
        "Tax Rate For Calcs": 0.011,
        "Normalized EBITDA": 16093000.0,
        "Total Unusual Items": -4515000.0,
        "Total Unusual Items Excluding Goodwill": -4515000.0,
        "Net Income From Continuing Operation Net Minority Interest": 583000.0,
        "Reconciled Depreciation": 4436000.0,
        "Reconciled Cost Of Revenue": 26027000.0,
        "EBITDA": 11578000.0,
        "EBIT": 7142000.0,
        "Net Interest Income": -11182000.0,
        "Interest Expense": 11545000.0,
        "Interest Income": 363000.0,
        "Normalized Income": 5048335.0,
        "Net Income From Continuing And Discontinued Operation": 583000.0,
        "Total Expenses": 67618000.0,
        "Total Operating Income As Reported": 7388000.0,
        "Diluted Average Shares": 31125000.0,
        "Basic Average Shares": 31125000.0,
        "Diluted EPS": -0.3,
        "Basic EPS": -0.3,
        "Diluted NI Availto Com Stockholders": -9386000.0,
        "Average Dilution Earnings": NaN,
        "Net Income Common Stockholders": -9386000.0,
        "Otherunder Preferred Stock Dividend": 8106000.0,
        "Preferred Stock Dividends": 1863000.0,
        "Net Income": 583000.0,
        "Minority Interests": 4939000.0,
        "Net Income Including Noncontrolling Interests": -4356000.0,
        "Net Income Continuous Operations": -4356000.0,
        "Tax Provision": -47000.0,
        "Pretax Income": -4403000.0,
        "Other Income Expense": -5124000.0,
        "Other Non Operating Income Expenses": -609000.0,
        "Special Income Charges": -4515000.0,
        "Impairment Of Capital Assets": NaN,
        "Restructuring And Mergern Acquisition": 4515000.0,
        "Net Non Operating Interest Income Expense": -11182000.0,
        "Interest Expense Non Operating": 11545000.0,
        "Interest Income Non Operating": 363000.0,
        "Operating Income": 11903000.0,
        "Operating Expense": 41591000.0,
        "Depreciation Amortization Depletion Income Statement": 4436000.0,
        "Depreciation And Amortization In Income Statement": 4436000.0,
        "Selling General And Administration": 37155000.0,
        "Gross Profit": 53494000.0,
        "Cost Of Revenue": 26027000.0,
        "Total Revenue": 79521000.0,
        "Operating Revenue": 71659000.0
    },
    "2024-06-30": {
        "Tax Effect Of Unusual Items": -2283120.0,
        "Tax Rate For Calcs": 0.21,
        "Normalized EBITDA": 13115000.0,
        "Total Unusual Items": -10872000.0,
        "Total Unusual Items Excluding Goodwill": -10872000.0,
        "Net Income From Continuing Operation Net Minority Interest": -9055000.0,
        "Reconciled Depreciation": 4517000.0,
        "Reconciled Cost Of Revenue": 26547000.0,
        "EBITDA": 2243000.0,
        "EBIT": -2274000.0,
        "Net Interest Income": -10869000.0,
        "Interest Expense": 11256000.0,
        "Interest Income": 387000.0,
        "Normalized Income": -466120.0,
        "Net Income From Continuing And Discontinued Operation": -9055000.0,
        "Total Expenses": 68053000.0,
        "Total Operating Income As Reported": -2408000.0,
        "Diluted Average Shares": 31806000.0,
        "Basic Average Shares": 31806000.0,
        "Diluted EPS": -0.29,
        "Basic EPS": -0.29,
        "Diluted NI Availto Com Stockholders": -9193000.0,
        "Average Dilution Earnings": 0.0,
        "Net Income Common Stockholders": -9193000.0,
        "Otherunder Preferred Stock Dividend": -2012000.0,
        "Preferred Stock Dividends": 2150000.0,
        "Net Income": -9055000.0,
        "Minority Interests": 4607000.0,
        "Net Income Including Noncontrolling Interests": -13662000.0,
        "Net Income Continuous Operations": -13662000.0,
        "Tax Provision": 132000.0,
        "Pretax Income": -13530000.0,
        "Other Income Expense": -11125000.0,
        "Other Non Operating Income Expenses": -253000.0,
        "Special Income Charges": -10872000.0,
        "Impairment Of Capital Assets": 12089000.0,
        "Restructuring And Mergern Acquisition": -1217000.0,
        "Net Non Operating Interest Income Expense": -10869000.0,
        "Interest Expense Non Operating": 11256000.0,
        "Interest Income Non Operating": 387000.0,
        "Operating Income": 8464000.0,
        "Operating Expense": 41506000.0,
        "Depreciation Amortization Depletion Income Statement": 4517000.0,
        "Depreciation And Amortization In Income Statement": 4517000.0,
        "Selling General And Administration": 36989000.0,
        "Gross Profit": 49970000.0,
        "Cost Of Revenue": 26547000.0,
        "Total Revenue": 76517000.0,
        "Operating Revenue": 70207000.0
    },
    "2024-09-30": {
        "Tax Effect Of Unusual Items": -1714860.0,
        "Tax Rate For Calcs": 0.21,
        "Normalized EBITDA": 6396000.0,
        "Total Unusual Items": -8166000.0,
        "Total Unusual Items Excluding Goodwill": -8166000.0,
        "Net Income From Continuing Operation Net Minority Interest": -13393000.0,
        "Reconciled Depreciation": 4226000.0,
        "Reconciled Cost Of Revenue": 28361000.0,
        "EBITDA": -1770000.0,
        "EBIT": -5996000.0,
        "Net Interest Income": -11362000.0,
        "Interest Expense": 11843000.0,
        "Interest Income": 481000.0,
        "Normalized Income": -6941860.0,
        "Net Income From Continuing And Discontinued Operation": -13393000.0,
        "Total Expenses": 78751000.0,
        "Total Operating Income As Reported": -6426000.0,
        "Diluted Average Shares": 32177000.0,
        "Basic Average Shares": 32177000.0,
        "Diluted EPS": -0.29,
        "Basic EPS": -0.29,
        "Diluted NI Availto Com Stockholders": -9197000.0,
        "Average Dilution Earnings": 0.0,
        "Net Income Common Stockholders": -9197000.0,
        "Otherunder Preferred Stock Dividend": -6094000.0,
        "Preferred Stock Dividends": 1898000.0,
        "Net Income": -13393000.0,
        "Minority Interests": 4577000.0,
        "Net Income Including Noncontrolling Interests": -17970000.0,
        "Net Income Continuous Operations": -17970000.0,
        "Tax Provision": 131000.0,
        "Pretax Income": -17839000.0,
        "Other Income Expense": -8217000.0,
        "Other Non Operating Income Expenses": -51000.0,
        "Special Income Charges": -8166000.0,
        "Impairment Of Capital Assets": 4502000.0,
        "Restructuring And Mergern Acquisition": 3664000.0,
        "Net Non Operating Interest Income Expense": -11362000.0,
        "Interest Expense Non Operating": 11843000.0,
        "Interest Income Non Operating": 481000.0,
        "Operating Income": 1740000.0,
        "Operating Expense": 50390000.0,
        "Depreciation Amortization Depletion Income Statement": 4226000.0,
        "Depreciation And Amortization In Income Statement": 4226000.0,
        "Selling General And Administration": 46164000.0,
        "Gross Profit": 52130000.0,
        "Cost Of Revenue": 28361000.0,
        "Total Revenue": 80491000.0,
        "Operating Revenue": 74242000.0
    }
}