{
    "2023-03-31": {
        "Tax Effect Of Unusual Items": -11250000.0,
        "Tax Rate For Calcs": 0.178571,
        "Normalized EBITDA": 138000000.0,
        "Total Unusual Items": -63000000.0,
        "Total Unusual Items Excluding Goodwill": -63000000.0,
        "Net Income From Continuing Operation Net Minority Interest": -19000000.0,
        "Reconciled Depreciation": 84000000.0,
        "Reconciled Cost Of Revenue": 459000000.0,
        "EBITDA": 75000000.0,
        "EBIT": -9000000.0,
        "Net Interest Income": -19000000.0,
        "Interest Expense": 19000000.0,
        "Normalized Income": 32750000.0,
        "Net Income From Continuing And Discontinued Operation": -19000000.0,
        "Total Expenses": 921000000.0,
        "Total Operating Income As Reported": -2000000.0,
        "Diluted Average Shares": 214500000.0,
        "Basic Average Shares": 214500000.0,
        "Diluted EPS": -0.09,
        "Basic EPS": -0.09,
        "Diluted NI Availto Com Stockholders": -19000000.0,
        "Net Income Common Stockholders": -19000000.0,
        "Net Income": -19000000.0,
        "Minority Interests": 4000000.0,
        "Net Income Including Noncontrolling Interests": -23000000.0,
        "Net Income Continuous Operations": -23000000.0,
        "Tax Provision": -5000000.0,
        "Pretax Income": -28000000.0,
        "Other Income Expense": -66000000.0,
        "Other Non Operating Income Expenses": -3000000.0,
        "Special Income Charges": -59000000.0,
        "Write Off": NaN,
        "Impairment Of Capital Assets": NaN,
        "Restructuring And Mergern Acquisition": 59000000.0,
        "Earnings From Equity Interest": NaN,
        "Gain On Sale Of Security": -4000000.0,
        "Net Non Operating Interest Income Expense": -19000000.0,
        "Interest Expense Non Operating": 19000000.0,
        "Operating Income": 57000000.0,
        "Operating Expense": 462000000.0,
        "Research And Development": 46000000.0,
        "Selling General And Administration": 416000000.0,
        "Gross Profit": 519000000.0,
        "Cost Of Revenue": 459000000.0,
        "Total Revenue": 978000000.0,
        "Operating Revenue": 978000000.0
    },
    "2022-12-31": {
        "Tax Effect Of Unusual Items": -1470000.0,
        "Tax Rate For Calcs": 0.21,
        "Normalized EBITDA": 34000000.0,
        "Total Unusual Items": -7000000.0,
        "Total Unusual Items Excluding Goodwill": -7000000.0,
        "Net Income From Continuing Operation Net Minority Interest": -15000000.0,
        "Reconciled Depreciation": 79000000.0,
        "Reconciled Cost Of Revenue": 466000000.0,
        "EBITDA": 27000000.0,
        "EBIT": 27000000.0,
        "Net Interest Income": -19000000.0,
        "Interest Expense": 19000000.0,
        "Normalized Income": -9470000.0,
        "Net Income From Continuing And Discontinued Operation": -15000000.0,
        "Total Expenses": 911000000.0,
        "Total Operating Income As Reported": 65000000.0,
        "Diluted Average Shares": 215200000.0,
        "Basic Average Shares": 215200000.0,
        "Diluted EPS": -0.07,
        "Basic EPS": -0.07,
        "Diluted NI Availto Com Stockholders": -15000000.0,
        "Net Income Common Stockholders": -15000000.0,
        "Net Income": -15000000.0,
        "Minority Interests": 0.0,
        "Net Income Including Noncontrolling Interests": -15000000.0,
        "Net Income Continuous Operations": -15000000.0,
        "Tax Provision": 23000000.0,
        "Pretax Income": 8000000.0,
        "Other Income Expense": -45000000.0,
        "Other Non Operating Income Expenses": -38000000.0,
        "Special Income Charges": -7000000.0,
        "Write Off": 7000000.0,
        "Impairment Of Capital Assets": 0.0,
        "Restructuring And Mergern Acquisition": NaN,
        "Earnings From Equity Interest": NaN,
        "Gain On Sale Of Security": -12000000.0,
        "Net Non Operating Interest Income Expense": -19000000.0,
        "Interest Expense Non Operating": 19000000.0,
        "Operating Income": 72000000.0,
        "Operating Expense": 445000000.0,
        "Research And Development": 43000000.0,
        "Selling General And Administration": 402000000.0,
        "Gross Profit": 517000000.0,
        "Cost Of Revenue": 466000000.0,
        "Total Revenue": 983000000.0,
        "Operating Revenue": 983000000.0
    },
    "2022-09-30": {
        "Tax Effect Of Unusual Items": -169884000.0,
        "Tax Rate For Calcs": 0.132,
        "Normalized EBITDA": 142000000.0,
        "Total Unusual Items": -1287000000.0,
        "Total Unusual Items Excluding Goodwill": -1287000000.0,
        "Net Income From Continuing Operation Net Minority Interest": -1077000000.0,
        "Reconciled Depreciation": 82000000.0,
        "Reconciled Cost Of Revenue": 439000000.0,
        "EBITDA": -1145000000.0,
        "EBIT": -1227000000.0,
        "Net Interest Income": -14000000.0,
        "Interest Expense": 14000000.0,
        "Normalized Income": 40116000.0,
        "Net Income From Continuing And Discontinued Operation": -1077000000.0,
        "Total Expenses": 881000000.0,
        "Total Operating Income As Reported": -1218000000.0,
        "Diluted Average Shares": 214900000.0,
        "Basic Average Shares": 214900000.0,
        "Diluted EPS": -5.01,
        "Basic EPS": -5.01,
        "Diluted NI Availto Com Stockholders": -1077000000.0,
        "Net Income Common Stockholders": -1077000000.0,
        "Net Income": -1077000000.0,
        "Minority Interests": 0.0,
        "Net Income Including Noncontrolling Interests": -1077000000.0,
        "Net Income Continuous Operations": -1077000000.0,
        "Tax Provision": -164000000.0,
        "Pretax Income": -1241000000.0,
        "Other Income Expense": -1293000000.0,
        "Other Non Operating Income Expenses": -2000000.0,
        "Special Income Charges": -1284000000.0,
        "Write Off": NaN,
        "Impairment Of Capital Assets": 1284000000.0,
        "Restructuring And Mergern Acquisition": NaN,
        "Earnings From Equity Interest": -4000000.0,
        "Gain On Sale Of Security": -3000000.0,
        "Net Non Operating Interest Income Expense": -14000000.0,
        "Interest Expense Non Operating": 14000000.0,
        "Operating Income": 66000000.0,
        "Operating Expense": 442000000.0,
        "Research And Development": 41000000.0,
        "Selling General And Administration": 401000000.0,
        "Gross Profit": 508000000.0,
        "Cost Of Revenue": 439000000.0,
        "Total Revenue": 947000000.0,
        "Operating Revenue": 947000000.0
    },
    "2022-06-30": {
        "Tax Effect Of Unusual Items": -1544000.0,
        "Tax Rate For Calcs": 0.193,
        "Normalized EBITDA": 197000000.0,
        "Total Unusual Items": -8000000.0,
        "Total Unusual Items Excluding Goodwill": -8000000.0,
        "Net Income From Continuing Operation Net Minority Interest": 73000000.0,
        "Reconciled Depreciation": 83000000.0,
        "Reconciled Cost Of Revenue": 442000000.0,
        "EBITDA": 189000000.0,
        "EBIT": 106000000.0,
        "Net Interest Income": -15000000.0,
        "Interest Expense": 15000000.0,
        "Normalized Income": 79456000.0,
        "Net Income From Continuing And Discontinued Operation": 73000000.0,
        "Total Expenses": 897000000.0,
        "Total Operating Income As Reported": 119000000.0,
        "Diluted Average Shares": 215300000.0,
        "Basic Average Shares": 214900000.0,
        "Diluted EPS": 0.34,
        "Basic EPS": 0.34,
        "Diluted NI Availto Com Stockholders": 73000000.0,
        "Net Income Common Stockholders": 73000000.0,
        "Net Income": 73000000.0,
        "Minority Interests": 0.0,
        "Net Income Including Noncontrolling Interests": 73000000.0,
        "Net Income Continuous Operations": 73000000.0,
        "Tax Provision": 18000000.0,
        "Pretax Income": 91000000.0,
        "Other Income Expense": -20000000.0,
        "Other Non Operating Income Expenses": -2000000.0,
        "Special Income Charges": -7000000.0,
        "Gain On Sale Of Business": 0.0,
        "Write Off": NaN,
        "Impairment Of Capital Assets": NaN,
        "Restructuring And Mergern Acquisition": 7000000.0,
        "Earnings From Equity Interest": -10000000.0,
        "Gain On Sale Of Security": -1000000.0,
        "Net Non Operating Interest Income Expense": -15000000.0,
        "Interest Expense Non Operating": 15000000.0,
        "Operating Income": 126000000.0,
        "Operating Expense": 455000000.0,
        "Research And Development": 45000000.0,
        "Selling General And Administration": 410000000.0,
        "Gross Profit": 581000000.0,
        "Cost Of Revenue": 442000000.0,
        "Total Revenue": 1023000000.0,
        "Operating Revenue": 1023000000.0
    },
    "2023-06-30": {
        "Tax Effect Of Unusual Items": -1050000.0,
        "Tax Rate For Calcs": 0.21,
        "Normalized EBITDA": 72000000.0,
        "Total Unusual Items": -5000000.0,
        "Total Unusual Items Excluding Goodwill": -5000000.0,
        "Net Income From Continuing Operation Net Minority Interest": 86000000.0,
        "Reconciled Depreciation": 86000000.0,
        "Reconciled Cost Of Revenue": 478000000.0,
        "EBITDA": 67000000.0,
        "EBIT": 67000000.0,
        "Net Interest Income": -21000000.0,
        "Interest Expense": 21000000.0,
        "Normalized Income": 89950000.0,
        "Net Income From Continuing And Discontinued Operation": 86000000.0,
        "Total Expenses": 943000000.0,
        "Total Operating Income As Reported": 80000000.0,
        "Diluted Average Shares": 213100000.0,
        "Basic Average Shares": 211900000.0,
        "Diluted EPS": 0.4,
        "Basic EPS": 0.41,
        "Diluted NI Availto Com Stockholders": 86000000.0,
        "Net Income Common Stockholders": 86000000.0,
        "Net Income": 86000000.0,
        "Minority Interests": 1000000.0,
        "Net Income Including Noncontrolling Interests": 85000000.0,
        "Net Income Continuous Operations": 85000000.0,
        "Tax Provision": -39000000.0,
        "Pretax Income": 46000000.0,
        "Other Income Expense": -18000000.0,
        "Other Non Operating Income Expenses": -13000000.0,
        "Special Income Charges": -5000000.0,
        "Write Off": NaN,
        "Impairment Of Capital Assets": NaN,
        "Restructuring And Mergern Acquisition": 5000000.0,
        "Earnings From Equity Interest": -3000000.0,
        "Gain On Sale Of Security": -8000000.0,
        "Net Non Operating Interest Income Expense": -21000000.0,
        "Interest Expense Non Operating": 21000000.0,
        "Operating Income": 85000000.0,
        "Operating Expense": 465000000.0,
        "Research And Development": 49000000.0,
        "Selling General And Administration": 416000000.0,
        "Gross Profit": 550000000.0,
        "Cost Of Revenue": 478000000.0,
        "Total Revenue": 1028000000.0,
        "Operating Revenue": 1028000000.0
    },
    "2022-03-31": {
        "Diluted EPS": 0.32,
        "Total Revenue": 969,
        "Gross Profit": 521,
        "Operating Income": 97,
        "EBIT": 181,
        "Net Income": 69
    },
    "2021-12-31": {
        "Diluted EPS": 0.55,
        "Total Revenue": NaN,
        "Gross Profit": 604,
        "Operating Income": 172,
        "EBIT": 257,
        "Net Income": 119
    },
    "2021-09-30": {
        "Diluted EPS": 0.38,
        "Total Revenue": NaN,
        "Gross Profit": 569,
        "Operating Income": 132,
        "EBIT": 217,
        "Net Income": 84
    },
    "2021-06-30": {
        "Diluted EPS": 0.43,
        "Total Revenue": NaN,
        "Gross Profit": 595,
        "Operating Income": 154,
        "EBIT": 242,
        "Net Income": 96
    },
    "2021-03-31": {
        "Diluted EPS": 0.51,
        "Total Revenue": NaN,
        "Gross Profit": 579,
        "Operating Income": 150,
        "EBIT": 238,
        "Net Income": 112
    },
    "2020-12-31": {
        "Diluted EPS": 0.52,
        "Total Revenue": NaN,
        "Gross Profit": 580,
        "Operating Income": 154,
        "EBIT": 241,
        "Net Income": 115
    },
    "2020-09-30": {
        "Diluted EPS": 0.22,
        "Total Revenue": 883,
        "Gross Profit": 432,
        "Operating Income": 72,
        "EBIT": 160,
        "Net Income": 47
    },
    "2020-06-30": {
        "Diluted EPS": -0.44,
        "Total Revenue": 491,
        "Gross Profit": 176,
        "Operating Income": -104,
        "EBIT": -25,
        "Net Income": -95
    },
    "2020-03-31": {
        "Diluted EPS": -0.63,
        "Total Revenue": 874,
        "Gross Profit": 468,
        "Operating Income": -125,
        "EBIT": 112,
        "Net Income": -140
    },
    "2019-12-31": {
        "Diluted EPS": 0.43,
        "Total Revenue": NaN,
        "Gross Profit": 610,
        "Operating Income": 129,
        "EBIT": 205,
        "Net Income": 95
    },
    "2019-09-30": {
        "Diluted EPS": 0.38,
        "Total Revenue": 962,
        "Gross Profit": 514,
        "Operating Income": 110,
        "EBIT": 189,
        "Net Income": 85
    },
    "2019-06-30": {
        "Diluted EPS": 0.16,
        "Total Revenue": NaN,
        "Gross Profit": 541,
        "Operating Income": 68,
        "EBIT": 151,
        "Net Income": 36
    },
    "2019-03-31": {
        "Diluted EPS": 0.17,
        "Total Revenue": 946,
        "Gross Profit": 500,
        "Operating Income": 47,
        "EBIT": 131,
        "Net Income": 39
    },
    "2018-12-31": {
        "Diluted EPS": -0.01,
        "Total Revenue": NaN,
        "Gross Profit": 525,
        "Operating Income": 82,
        "EBIT": 161,
        "Net Income": 2
    },
    "2018-09-30": {
        "Diluted EPS": 0.13,
        "Total Revenue": 928,
        "Gross Profit": 476,
        "Operating Income": 46,
        "EBIT": 130,
        "Net Income": 28
    },
    "2018-06-30": {
        "Diluted EPS": -4.98,
        "Total Revenue": NaN,
        "Gross Profit": 553,
        "Operating Income": NaN,
        "EBIT": 18,
        "Net Income": NaN
    },
    "2018-03-31": {
        "Diluted EPS": 0.35,
        "Total Revenue": 956,
        "Gross Profit": 514,
        "Operating Income": 69,
        "EBIT": 153,
        "Net Income": 81
    },
    "2017-12-31": {
        "Diluted EPS": -2.83,
        "Total Revenue": NaN,
        "Gross Profit": 593,
        "Operating Income": -706,
        "EBIT": -66,
        "Net Income": -650
    },
    "2017-09-30": {
        "Diluted EPS": 0.39,
        "Total Revenue": NaN,
        "Gross Profit": 559,
        "Operating Income": 108,
        "EBIT": 189,
        "Net Income": 91
    },
    "2017-06-30": {
        "Diluted EPS": -4.58,
        "Total Revenue": 993,
        "Gross Profit": 544,
        "Operating Income": NaN,
        "EBIT": 123,
        "Net Income": NaN
    },
    "2017-03-31": {
        "Diluted EPS": 0.26,
        "Total Revenue": 901,
        "Gross Profit": 492,
        "Operating Income": 84,
        "EBIT": 161,
        "Net Income": 60
    },
    "2016-12-31": {
        "Diluted EPS": 0.41,
        "Total Revenue": 997,
        "Gross Profit": 542,
        "Operating Income": 134,
        "EBIT": 210,
        "Net Income": 107
    },
    "2016-09-30": {
        "Diluted EPS": 0.39,
        "Total Revenue": 954,
        "Gross Profit": 514,
        "Operating Income": 127,
        "EBIT": 204,
        "Net Income": 93
    },
    "2016-06-30": {
        "Diluted EPS": 0.44,
        "Total Revenue": NaN,
        "Gross Profit": 527,
        "Operating Income": 121,
        "EBIT": 198,
        "Net Income": 105
    },
    "2016-03-31": {
        "Diluted EPS": 0.7,
        "Total Revenue": 773,
        "Gross Profit": 419,
        "Operating Income": 73,
        "EBIT": 119,
        "Net Income": 125
    },
    "2015-12-31": {
        "Diluted EPS": 0.41,
        "Total Revenue": 671,
        "Gross Profit": 375,
        "Operating Income": 93,
        "EBIT": 130,
        "Net Income": 59
    },
    "2015-09-30": {
        "Diluted EPS": 0.59,
        "Total Revenue": 649,
        "Gross Profit": 370,
        "Operating Income": 99,
        "EBIT": 134,
        "Net Income": 85
    },
    "2015-06-30": {
        "Diluted EPS": 0.31,
        "Total Revenue": 698,
        "Gross Profit": 400,
        "Operating Income": 86,
        "EBIT": 117,
        "Net Income": 44
    },
    "2015-03-31": {
        "Diluted EPS": 0.45,
        "Total Revenue": 656,
        "Gross Profit": 373,
        "Operating Income": 98,
        "EBIT": 129,
        "Net Income": 64
    },
    "2014-12-31": {
        "Diluted EPS": 0.6,
        "Total Revenue": 719,
        "Gross Profit": 393,
        "Operating Income": 103,
        "EBIT": 134,
        "Net Income": 85
    },
    "2014-09-30": {
        "Diluted EPS": 0.52,
        "Total Revenue": 708,
        "Gross Profit": 388,
        "Operating Income": 110,
        "EBIT": 143,
        "Net Income": 75
    },
    "2014-06-30": {
        "Diluted EPS": 0.62,
        "Total Revenue": 765,
        "Gross Profit": 424,
        "Operating Income": 127,
        "EBIT": 161,
        "Net Income": 90
    },
    "2014-03-31": {
        "Diluted EPS": 0.5,
        "Total Revenue": 730,
        "Gross Profit": 394,
        "Operating Income": 106,
        "EBIT": 141,
        "Net Income": 73
    },
    "2013-12-31": {
        "Diluted EPS": 0.52,
        "Total Revenue": 754,
        "Gross Profit": 398,
        "Operating Income": 97,
        "EBIT": 130,
        "Net Income": 74
    },
    "2013-09-30": {
        "Diluted EPS": 0.55,
        "Total Revenue": 704,
        "Gross Profit": 376,
        "Operating Income": 105,
        "EBIT": 137,
        "Net Income": 80
    },
    "2013-06-30": {
        "Diluted EPS": 0.6,
        "Total Revenue": 761,
        "Gross Profit": 415,
        "Operating Income": 123,
        "EBIT": 157,
        "Net Income": 87
    },
    "2013-03-31": {
        "Diluted EPS": 0.49,
        "Total Revenue": 732,
        "Gross Profit": 388,
        "Operating Income": 94,
        "EBIT": 128,
        "Net Income": 72
    },
    "2012-12-31": {
        "Diluted EPS": 0.88,
        "Total Revenue": 753,
        "Gross Profit": 392,
        "Operating Income": 97,
        "EBIT": 131,
        "Net Income": 127
    },
    "2012-09-30": {
        "Diluted EPS": 0.37,
        "Total Revenue": 696,
        "Gross Profit": 364,
        "Operating Income": 89,
        "EBIT": 120,
        "Net Income": 53
    },
    "2012-06-30": {
        "Diluted EPS": 0.56,
        "Total Revenue": 763,
        "Gross Profit": 407,
        "Operating Income": 109,
        "EBIT": 143,
        "Net Income": 81
    },
    "2012-03-31": {
        "Diluted EPS": 0.37,
        "Total Revenue": 716,
        "Gross Profit": 393,
        "Operating Income": 87,
        "EBIT": 124,
        "Net Income": 53
    },
    "2011-12-31": {
        "Diluted EPS": 0.28,
        "Total Revenue": 738,
        "Gross Profit": 361,
        "Operating Income": 65,
        "EBIT": 95,
        "Net Income": 41
    },
    "2011-09-30": {
        "Diluted EPS": 0.42,
        "Total Revenue": 620,
        "Gross Profit": 298,
        "Operating Income": 40,
        "EBIT": 67,
        "Net Income": 61
    },
    "2011-06-30": {
        "Diluted EPS": 0.52,
        "Total Revenue": 609,
        "Gross Profit": 315,
        "Operating Income": 97,
        "EBIT": 117,
        "Net Income": 74
    },
    "2011-03-31": {
        "Diluted EPS": 0.48,
        "Total Revenue": 571,
        "Gross Profit": 300,
        "Operating Income": 99,
        "EBIT": 116,
        "Net Income": 69
    },
    "2010-12-31": {
        "Diluted EPS": 0.48,
        "Total Revenue": 568,
        "Gross Profit": 288,
        "Operating Income": 96,
        "EBIT": 112,
        "Net Income": 68
    },
    "2010-09-30": {
        "Diluted EPS": 0.44,
        "Total Revenue": 542,
        "Gross Profit": 273,
        "Operating Income": 90,
        "EBIT": 106,
        "Net Income": 64
    },
    "2010-06-30": {
        "Diluted EPS": 0.49,
        "Total Revenue": 565,
        "Gross Profit": 288,
        "Operating Income": 105,
        "EBIT": 121,
        "Net Income": 72
    },
    "2010-03-31": {
        "Diluted EPS": 0.41,
        "Total Revenue": 546,
        "Gross Profit": 282,
        "Operating Income": 89,
        "EBIT": 107,
        "Net Income": 62
    },
    "2009-12-31": {
        "Diluted EPS": 0.5,
        "Total Revenue": 568,
        "Gross Profit": 283,
        "Operating Income": 103,
        "EBIT": 119,
        "Net Income": 75
    },
    "2009-09-30": {
        "Diluted EPS": 0.45,
        "Total Revenue": 531,
        "Gross Profit": 272,
        "Operating Income": 93,
        "EBIT": 109,
        "Net Income": 67
    },
    "2009-06-30": {
        "Diluted EPS": 0.47,
        "Total Revenue": 553,
        "Gross Profit": 286,
        "Operating Income": 99,
        "EBIT": 115,
        "Net Income": 70
    },
    "2009-03-31": {
        "Diluted EPS": 0.41,
        "Total Revenue": 507,
        "Gross Profit": 266,
        "Operating Income": 86,
        "EBIT": 103,
        "Net Income": 62
    }
}