{
    "2023-03-31": {
        "Tax Effect Of Unusual Items": 0.0,
        "Tax Rate For Calcs": 0.158983,
        "Net Income From Continuing Operation Net Minority Interest": 284346000.0,
        "Net Interest Income": 252057000.0,
        "Interest Income": 252057000.0,
        "Normalized Income": 284346000.0,
        "Net Income From Continuing And Discontinued Operation": 284346000.0,
        "Diluted Average Shares": 49055085.0,
        "Basic Average Shares": 48004510.0,
        "Diluted EPS": 5.82,
        "Basic EPS": 5.94,
        "Diluted NI Availto Com Stockholders": 284346000.0,
        "Net Income Common Stockholders": 284346000.0,
        "Net Income": 284346000.0,
        "Minority Interests": 0.0,
        "Net Income Including Noncontrolling Interests": 284346000.0,
        "Net Income Continuous Operations": 284346000.0,
        "Earnings From Equity Interest Net Of Tax": 6289000.0,
        "Tax Provision": 52563000.0,
        "Pretax Income": 330620000.0,
        "Other Non Operating Income Expenses": 11332000.0,
        "Gain On Sale Of Security": 14232000.0,
        "Selling General And Administration": 47685000.0,
        "Selling And Marketing Expense": 2038000.0,
        "General And Administrative Expense": 45647000.0,
        "Other Gand A": 45647000.0,
        "Total Revenue": 386376000.0,
        "Operating Revenue": 386376000.0
    },
    "2022-12-31": {
        "Tax Effect Of Unusual Items": 0.0,
        "Tax Rate For Calcs": 0.195998,
        "Net Income From Continuing Operation Net Minority Interest": 274639000.0,
        "Net Interest Income": 249035000.0,
        "Interest Income": 249035000.0,
        "Normalized Income": 274639000.0,
        "Net Income From Continuing And Discontinued Operation": 274639000.0,
        "Diluted Average Shares": 52951716.0,
        "Basic Average Shares": 51972002.0,
        "Diluted EPS": 5.16,
        "Basic EPS": 5.28,
        "Diluted NI Availto Com Stockholders": 274639000.0,
        "Net Income Common Stockholders": 274639000.0,
        "Net Income": 274639000.0,
        "Minority Interests": 0.0,
        "Net Income Including Noncontrolling Interests": 274639000.0,
        "Net Income Continuous Operations": 274639000.0,
        "Earnings From Equity Interest Net Of Tax": -32923000.0,
        "Tax Provision": 74977000.0,
        "Pretax Income": 382539000.0,
        "Other Non Operating Income Expenses": 8590000.0,
        "Gain On Sale Of Security": 93425000.0,
        "Selling General And Administration": 44942000.0,
        "Selling And Marketing Expense": 2497000.0,
        "General And Administrative Expense": 42445000.0,
        "Other Gand A": 42445000.0,
        "Total Revenue": 466906000.0,
        "Operating Revenue": 466906000.0
    },
    "2022-09-30": {
        "Tax Effect Of Unusual Items": 0.0,
        "Tax Rate For Calcs": 0.300777,
        "Net Income From Continuing Operation Net Minority Interest": 211724000.0,
        "Net Interest Income": 252250000.0,
        "Interest Income": 252250000.0,
        "Normalized Income": 211724000.0,
        "Net Income From Continuing And Discontinued Operation": 211724000.0,
        "Diluted Average Shares": 54830172.0,
        "Basic Average Shares": 53623702.0,
        "Diluted EPS": 3.84,
        "Basic EPS": 3.96,
        "Diluted NI Availto Com Stockholders": 211724000.0,
        "Net Income Common Stockholders": 211724000.0,
        "Net Income": 211724000.0,
        "Minority Interests": 0.0,
        "Net Income Including Noncontrolling Interests": 211724000.0,
        "Net Income Continuous Operations": 211724000.0,
        "Earnings From Equity Interest Net Of Tax": -67000.0,
        "Tax Provision": 91104000.0,
        "Pretax Income": 302895000.0,
        "Other Non Operating Income Expenses": 6106000.0,
        "Gain On Sale Of Security": 9711000.0,
        "Selling General And Administration": 46316000.0,
        "Selling And Marketing Expense": 3726000.0,
        "General And Administrative Expense": 42590000.0,
        "Other Gand A": 42590000.0,
        "Total Revenue": 350529000.0,
        "Operating Revenue": 350529000.0
    },
    "2022-06-30": {
        "Tax Effect Of Unusual Items": 0.0,
        "Tax Rate For Calcs": 0.191835,
        "Net Income From Continuing Operation Net Minority Interest": 185700000.0,
        "Net Interest Income": 236447000.0,
        "Interest Income": 236447000.0,
        "Normalized Income": 185700000.0,
        "Net Income From Continuing And Discontinued Operation": 185700000.0,
        "Diluted Average Shares": 56586098.0,
        "Basic Average Shares": 55327835.0,
        "Diluted EPS": 3.3,
        "Basic EPS": 3.36,
        "Diluted NI Availto Com Stockholders": 185700000.0,
        "Net Income Common Stockholders": 185700000.0,
        "Net Income": 185700000.0,
        "Minority Interests": 0.0,
        "Net Income Including Noncontrolling Interests": 185700000.0,
        "Net Income Continuous Operations": 185700000.0,
        "Earnings From Equity Interest Net Of Tax": 7738000.0,
        "Tax Provision": 42243000.0,
        "Pretax Income": 220205000.0,
        "Other Non Operating Income Expenses": 5911000.0,
        "Gain On Sale Of Security": 31882000.0,
        "Selling General And Administration": 45711000.0,
        "Selling And Marketing Expense": 4567000.0,
        "General And Administrative Expense": 41144000.0,
        "Other Gand A": 41144000.0,
        "Total Revenue": 311747000.0,
        "Operating Revenue": 311747000.0
    },
    "2022-03-31": {
        "Diluted EPS": 0.39,
        "Total Revenue": 140,
        "Gross Profit": 67,
        "Operating Income": 50,
        "EBIT": 50,
        "Net Income": 22
    },
    "2021-12-31": {
        "Diluted EPS": 0.37,
        "Total Revenue": 137,
        "Gross Profit": 72,
        "Operating Income": 51,
        "EBIT": 51,
        "Net Income": 22
    },
    "2021-09-30": {
        "Diluted EPS": 0.76,
        "Total Revenue": 150,
        "Gross Profit": 75,
        "Operating Income": 64,
        "EBIT": 64,
        "Net Income": 43
    },
    "2021-06-30": {
        "Diluted EPS": 0.61,
        "Total Revenue": 144,
        "Gross Profit": 64,
        "Operating Income": 52,
        "EBIT": 52,
        "Net Income": 35
    },
    "2021-03-31": {
        "Diluted EPS": 0.54,
        "Total Revenue": 138,
        "Gross Profit": 51,
        "Operating Income": 38,
        "EBIT": 38,
        "Net Income": 29
    },
    "2020-12-31": {
        "Diluted EPS": -2.0,
        "Total Revenue": 124,
        "Gross Profit": 20,
        "Operating Income": -138,
        "EBIT": -138,
        "Net Income": -108
    },
    "2020-09-30": {
        "Diluted EPS": -0.31,
        "Total Revenue": 82,
        "Gross Profit": 0,
        "Operating Income": -15,
        "EBIT": -15,
        "Net Income": -17
    },
    "2020-06-30": {
        "Diluted EPS": -0.9,
        "Total Revenue": 55,
        "Gross Profit": -15,
        "Operating Income": -48,
        "EBIT": -48,
        "Net Income": -49
    },
    "2020-03-31": {
        "Diluted EPS": -0.51,
        "Total Revenue": 75,
        "Gross Profit": 15,
        "Operating Income": -18,
        "EBIT": -18,
        "Net Income": -28
    },
    "2019-12-31": {
        "Diluted EPS": 0.36,
        "Total Revenue": 89,
        "Gross Profit": 29,
        "Operating Income": 4,
        "EBIT": 4,
        "Net Income": 17
    },
    "2019-09-30": {
        "Diluted EPS": 0.33,
        "Total Revenue": 121,
        "Gross Profit": 57,
        "Operating Income": 33,
        "EBIT": 33,
        "Net Income": 18
    },
    "2019-06-30": {
        "Diluted EPS": 0.81,
        "Total Revenue": 118,
        "Gross Profit": 57,
        "Operating Income": 38,
        "EBIT": 38,
        "Net Income": 44
    },
    "2019-03-31": {
        "Diluted EPS": 0.6,
        "Total Revenue": 116,
        "Gross Profit": 66,
        "Operating Income": 42,
        "EBIT": 42,
        "Net Income": 32
    },
    "2018-09-30": {
        "Diluted EPS": 0.54,
        "Total Revenue": 121,
        "Gross Profit": 79,
        "Operating Income": 40,
        "EBIT": 40,
        "Net Income": 29
    },
    "2018-06-30": {
        "Diluted EPS": 0.0,
        "Total Revenue": NaN,
        "Gross Profit": NaN,
        "Operating Income": NaN,
        "Net Income": NaN
    },
    "2017-12-31": {
        "Diluted EPS": 0.0,
        "Total Revenue": NaN,
        "Gross Profit": NaN,
        "Operating Income": NaN,
        "EBIT": NaN,
        "Net Income": NaN
    },
    "2023-06-30": {
        "Tax Effect Of Unusual Items": 0.0,
        "Tax Rate For Calcs": 0.196087,
        "Net Income From Continuing Operation Net Minority Interest": 366292000.0,
        "Net Interest Income": 266182000.0,
        "Interest Income": 266182000.0,
        "Normalized Income": 366292000.0,
        "Net Income From Continuing And Discontinued Operation": 366292000.0,
        "Diluted Average Shares": 48977220.0,
        "Basic Average Shares": 47934643.0,
        "Diluted EPS": 7.5,
        "Basic EPS": 7.62,
        "Diluted NI Availto Com Stockholders": 366292000.0,
        "Net Income Common Stockholders": 366292000.0,
        "Net Income": 366292000.0,
        "Minority Interests": 0.0,
        "Net Income Including Noncontrolling Interests": 366292000.0,
        "Net Income Continuous Operations": 366292000.0,
        "Earnings From Equity Interest Net Of Tax": 9436000.0,
        "Tax Provision": 87043000.0,
        "Pretax Income": 443899000.0,
        "Other Non Operating Income Expenses": 6932000.0,
        "Gain On Sale Of Security": 12513000.0,
        "Selling General And Administration": 47569000.0,
        "Selling And Marketing Expense": 3431000.0,
        "General And Administrative Expense": 44138000.0,
        "Other Gand A": 44138000.0,
        "Total Revenue": 542960000.0,
        "Operating Revenue": 542960000.0
    },
    "2023-09-30": {
        "Tax Effect Of Unusual Items": 0.0,
        "Tax Rate For Calcs": 0.177671,
        "Net Income From Continuing Operation Net Minority Interest": 347190000.0,
        "Net Interest Income": 293628000.0,
        "Interest Income": 293628000.0,
        "Normalized Income": 347190000.0,
        "Net Income From Continuing And Discontinued Operation": 347190000.0,
        "Diluted Average Shares": 49519021.0,
        "Basic Average Shares": 47967728.0,
        "Diluted EPS": 7.02,
        "Basic EPS": 7.26,
        "Diluted NI Availto Com Stockholders": 347190000.0,
        "Net Income Common Stockholders": 347190000.0,
        "Net Income": 347190000.0,
        "Minority Interests": 0.0,
        "Net Income Including Noncontrolling Interests": 347190000.0,
        "Net Income Continuous Operations": 347190000.0,
        "Earnings From Equity Interest Net Of Tax": 3894000.0,
        "Tax Provision": 74172000.0,
        "Pretax Income": 417468000.0,
        "Other Non Operating Income Expenses": 4742000.0,
        "Gain On Sale Of Security": -16222000.0,
        "Selling General And Administration": 51948000.0,
        "Selling And Marketing Expense": 3360000.0,
        "General And Administrative Expense": 48588000.0,
        "Other Gand A": 48588000.0,
        "Total Revenue": 563768000.0,
        "Operating Revenue": 563768000.0
    }
}