{
    "2023-03-31": {
        "Tax Effect Of Unusual Items": -1714285.714286,
        "Tax Rate For Calcs": 0.214286,
        "Normalized EBITDA": 203000000.0,
        "Total Unusual Items": -8000000.0,
        "Total Unusual Items Excluding Goodwill": -8000000.0,
        "Net Income From Continuing Operation Net Minority Interest": 99000000.0,
        "Reconciled Depreciation": 60000000.0,
        "Reconciled Cost Of Revenue": 902000000.0,
        "EBIT": 135000000.0,
        "Net Interest Income": -9000000.0,
        "Interest Expense": 9000000.0,
        "Normalized Income": 105285714.285714,
        "Net Income From Continuing And Discontinued Operation": 99000000.0,
        "Total Expenses": 1309000000.0,
        "Total Operating Income As Reported": 131000000.0,
        "Diluted Average Shares": 181300000.0,
        "Basic Average Shares": 180400000.0,
        "Diluted EPS": 0.54,
        "Basic EPS": 0.55,
        "Diluted NI Availto Com Stockholders": 99000000.0,
        "Net Income Common Stockholders": 99000000.0,
        "Net Income": 99000000.0,
        "Net Income Including Noncontrolling Interests": 99000000.0,
        "Net Income Continuous Operations": 99000000.0,
        "Tax Provision": 27000000.0,
        "Pretax Income": 126000000.0,
        "Other Income Expense": -4000000.0,
        "Other Non Operating Income Expenses": 4000000.0,
        "Special Income Charges": -8000000.0,
        "Gain On Sale Of Business": 0.0,
        "Write Off": 2000000.0,
        "Restructuring And Mergern Acquisition": 8000000.0,
        "Net Non Operating Interest Income Expense": -9000000.0,
        "Interest Expense Non Operating": 9000000.0,
        "Operating Income": 139000000.0,
        "Operating Expense": 407000000.0,
        "Research And Development": 53000000.0,
        "Selling General And Administration": 354000000.0,
        "Gross Profit": 546000000.0,
        "Cost Of Revenue": 902000000.0,
        "Total Revenue": 1448000000.0,
        "Operating Revenue": 1448000000.0
    },
    "2022-12-31": {
        "Tax Effect Of Unusual Items": -1481481.481481,
        "Tax Rate For Calcs": 0.21164,
        "Normalized EBITDA": 269000000.0,
        "Total Unusual Items": -7000000.0,
        "Total Unusual Items Excluding Goodwill": -7000000.0,
        "Net Income From Continuing Operation Net Minority Interest": 149000000.0,
        "Reconciled Depreciation": 60000000.0,
        "Reconciled Cost Of Revenue": 933000000.0,
        "EBIT": 202000000.0,
        "Net Interest Income": -13000000.0,
        "Interest Expense": 13000000.0,
        "Normalized Income": 154518518.518519,
        "Net Income From Continuing And Discontinued Operation": 149000000.0,
        "Total Expenses": 1302000000.0,
        "Total Operating Income As Reported": 197000000.0,
        "Diluted Average Shares": 181216000.0,
        "Basic Average Shares": 180268000.0,
        "Diluted EPS": 0.82,
        "Basic EPS": 0.83,
        "Diluted NI Availto Com Stockholders": 149000000.0,
        "Net Income Common Stockholders": 149000000.0,
        "Net Income": 149000000.0,
        "Net Income Including Noncontrolling Interests": 149000000.0,
        "Net Income Continuous Operations": 149000000.0,
        "Tax Provision": 40000000.0,
        "Pretax Income": 189000000.0,
        "Other Income Expense": -2000000.0,
        "Other Non Operating Income Expenses": 5000000.0,
        "Special Income Charges": -7000000.0,
        "Gain On Sale Of Business": 0.0,
        "Write Off": 1000000.0,
        "Restructuring And Mergern Acquisition": 20000000.0,
        "Net Non Operating Interest Income Expense": -13000000.0,
        "Interest Expense Non Operating": 13000000.0,
        "Operating Income": 204000000.0,
        "Operating Expense": 369000000.0,
        "Research And Development": 54000000.0,
        "Selling General And Administration": 315000000.0,
        "Gross Profit": 573000000.0,
        "Cost Of Revenue": 933000000.0,
        "Total Revenue": 1506000000.0,
        "Operating Revenue": 1506000000.0
    },
    "2022-09-30": {
        "Tax Effect Of Unusual Items": -4170000.0,
        "Tax Rate For Calcs": 0.278,
        "Normalized EBITDA": 102000000.0,
        "Total Unusual Items": -15000000.0,
        "Total Unusual Items Excluding Goodwill": -15000000.0,
        "Net Income From Continuing Operation Net Minority Interest": 12000000.0,
        "Reconciled Depreciation": 58000000.0,
        "Reconciled Cost Of Revenue": 856000000.0,
        "EBIT": 29000000.0,
        "Net Interest Income": -12000000.0,
        "Interest Expense": 12000000.0,
        "Normalized Income": 22830000.0,
        "Net Income From Continuing And Discontinued Operation": 12000000.0,
        "Total Expenses": 1197000000.0,
        "Total Operating Income As Reported": 168000000.0,
        "Diluted Average Shares": 180900000.0,
        "Basic Average Shares": 180200000.0,
        "Diluted EPS": 0.07,
        "Basic EPS": 0.07,
        "Diluted NI Availto Com Stockholders": 12000000.0,
        "Net Income Common Stockholders": 12000000.0,
        "Net Income": 12000000.0,
        "Net Income Including Noncontrolling Interests": 12000000.0,
        "Net Income Continuous Operations": 12000000.0,
        "Tax Provision": 5000000.0,
        "Pretax Income": 17000000.0,
        "Other Income Expense": -154000000.0,
        "Other Non Operating Income Expenses": -139000000.0,
        "Special Income Charges": -15000000.0,
        "Gain On Sale Of Business": 0.0,
        "Write Off": 12000000.0,
        "Restructuring And Mergern Acquisition": 3000000.0,
        "Net Non Operating Interest Income Expense": -12000000.0,
        "Interest Expense Non Operating": 12000000.0,
        "Operating Income": 183000000.0,
        "Operating Expense": 341000000.0,
        "Research And Development": 47000000.0,
        "Selling General And Administration": 294000000.0,
        "Gross Profit": 524000000.0,
        "Cost Of Revenue": 856000000.0,
        "Total Revenue": 1380000000.0,
        "Operating Revenue": 1380000000.0
    },
    "2022-06-30": {
        "Tax Effect Of Unusual Items": -1225000.0,
        "Tax Rate For Calcs": 0.175,
        "Normalized EBITDA": 215000000.0,
        "Total Unusual Items": -7000000.0,
        "Total Unusual Items Excluding Goodwill": -7000000.0,
        "Net Income From Continuing Operation Net Minority Interest": 112000000.0,
        "Reconciled Depreciation": 60000000.0,
        "Reconciled Cost Of Revenue": 844000000.0,
        "EBIT": 148000000.0,
        "Net Interest Income": -12000000.0,
        "Interest Expense": 12000000.0,
        "Normalized Income": 117775000.0,
        "Net Income From Continuing And Discontinued Operation": 112000000.0,
        "Total Expenses": 1211000000.0,
        "Total Operating Income As Reported": 146000000.0,
        "Diluted Average Shares": 180600000.0,
        "Basic Average Shares": 180200000.0,
        "Diluted EPS": 0.62,
        "Basic EPS": 0.62,
        "Diluted NI Availto Com Stockholders": 112000000.0,
        "Net Income Common Stockholders": 112000000.0,
        "Net Income": 112000000.0,
        "Net Income Including Noncontrolling Interests": 112000000.0,
        "Net Income Continuous Operations": 112000000.0,
        "Tax Provision": 24000000.0,
        "Pretax Income": 136000000.0,
        "Other Income Expense": -5000000.0,
        "Other Non Operating Income Expenses": 2000000.0,
        "Special Income Charges": -7000000.0,
        "Gain On Sale Of Business": 0.0,
        "Write Off": 1000000.0,
        "Restructuring And Mergern Acquisition": 6000000.0,
        "Net Non Operating Interest Income Expense": -12000000.0,
        "Interest Expense Non Operating": 12000000.0,
        "Operating Income": 153000000.0,
        "Operating Expense": 367000000.0,
        "Research And Development": 53000000.0,
        "Selling General And Administration": 314000000.0,
        "Gross Profit": 520000000.0,
        "Cost Of Revenue": 844000000.0,
        "Total Revenue": 1364000000.0,
        "Operating Revenue": 1364000000.0
    },
    "2023-06-30": {
        "Tax Effect Of Unusual Items": -5403508.77193,
        "Tax Rate For Calcs": 0.192982,
        "Normalized EBITDA": 246000000.0,
        "Total Unusual Items": -28000000.0,
        "Total Unusual Items Excluding Goodwill": -28000000.0,
        "Net Income From Continuing Operation Net Minority Interest": 92000000.0,
        "Reconciled Depreciation": 92000000.0,
        "Reconciled Cost Of Revenue": 1071000000.0,
        "EBIT": 126000000.0,
        "Net Interest Income": -12000000.0,
        "Interest Expense": 12000000.0,
        "Normalized Income": 114596491.22807,
        "Net Income From Continuing And Discontinued Operation": 92000000.0,
        "Total Expenses": 1575000000.0,
        "Total Operating Income As Reported": 119000000.0,
        "Diluted Average Shares": 206700000.0,
        "Basic Average Shares": 205500000.0,
        "Diluted EPS": 0.45,
        "Basic EPS": 0.45,
        "Diluted NI Availto Com Stockholders": 92000000.0,
        "Net Income Common Stockholders": 92000000.0,
        "Net Income": 92000000.0,
        "Net Income Including Noncontrolling Interests": 92000000.0,
        "Net Income Continuous Operations": 92000000.0,
        "Tax Provision": 22000000.0,
        "Pretax Income": 114000000.0,
        "Other Income Expense": -21000000.0,
        "Other Non Operating Income Expenses": 7000000.0,
        "Special Income Charges": -28000000.0,
        "Gain On Sale Of Business": 0.0,
        "Write Off": 0.0,
        "Restructuring And Mergern Acquisition": 28000000.0,
        "Net Non Operating Interest Income Expense": -12000000.0,
        "Interest Expense Non Operating": 12000000.0,
        "Operating Income": 147000000.0,
        "Operating Expense": 504000000.0,
        "Research And Development": 58000000.0,
        "Selling General And Administration": 446000000.0,
        "Gross Profit": 651000000.0,
        "Cost Of Revenue": 1071000000.0,
        "Total Revenue": 1722000000.0,
        "Operating Revenue": 1722000000.0
    },
    "2022-03-31": {
        "Diluted EPS": 0.45,
        "Total Revenue": NaN,
        "Gross Profit": 467,
        "Operating Income": 111,
        "EBIT": 169,
        "Net Income": 82
    },
    "2021-12-31": {
        "Diluted EPS": 0.62,
        "Total Revenue": NaN,
        "Gross Profit": 493,
        "Operating Income": 140,
        "EBIT": 199,
        "Net Income": 113
    },
    "2021-09-30": {
        "Diluted EPS": 0.63,
        "Total Revenue": NaN,
        "Gross Profit": 472,
        "Operating Income": 152,
        "EBIT": 214,
        "Net Income": 114
    },
    "2021-06-30": {
        "Diluted EPS": 0.62,
        "Total Revenue": NaN,
        "Gross Profit": 520,
        "Operating Income": 160,
        "EBIT": 222,
        "Net Income": 113
    },
    "2021-03-31": {
        "Diluted EPS": 0.48,
        "Total Revenue": NaN,
        "Gross Profit": 490,
        "Operating Income": 133,
        "EBIT": 195,
        "Net Income": 87
    },
    "2020-12-31": {
        "Diluted EPS": 0.82,
        "Total Revenue": NaN,
        "Gross Profit": 526,
        "Operating Income": 179,
        "EBIT": 241,
        "Net Income": 148
    },
    "2020-09-30": {
        "Diluted EPS": 0.2,
        "Total Revenue": NaN,
        "Gross Profit": 461,
        "Operating Income": 73,
        "EBIT": 194,
        "Net Income": 37
    },
    "2020-06-30": {
        "Diluted EPS": 0.17,
        "Total Revenue": NaN,
        "Gross Profit": 434,
        "Operating Income": 54,
        "EBIT": 116,
        "Net Income": 31
    },
    "2020-03-31": {
        "Diluted EPS": 0.21,
        "Total Revenue": NaN,
        "Gross Profit": 409,
        "Operating Income": 61,
        "EBIT": 125,
        "Net Income": 38
    },
    "2019-12-31": {
        "Diluted EPS": 0.65,
        "Total Revenue": NaN,
        "Gross Profit": 537,
        "Operating Income": 195,
        "EBIT": 260,
        "Net Income": 118
    },
    "2019-09-30": {
        "Diluted EPS": 0.36,
        "Total Revenue": NaN,
        "Gross Profit": 509,
        "Operating Income": 11,
        "EBIT": 224,
        "Net Income": 65
    },
    "2019-06-30": {
        "Diluted EPS": 0.77,
        "Total Revenue": NaN,
        "Gross Profit": 526,
        "Operating Income": 171,
        "EBIT": 234,
        "Net Income": 139
    },
    "2019-03-31": {
        "Diluted EPS": 0.43,
        "Total Revenue": NaN,
        "Gross Profit": 474,
        "Operating Income": 109,
        "EBIT": 173,
        "Net Income": 79
    },
    "2018-12-31": {
        "Diluted EPS": 1.24,
        "Total Revenue": NaN,
        "Gross Profit": 542,
        "Operating Income": 194,
        "EBIT": 260,
        "Net Income": 225
    },
    "2018-09-30": {
        "Diluted EPS": 0.72,
        "Total Revenue": NaN,
        "Gross Profit": 505,
        "Operating Income": 176,
        "EBIT": 239,
        "Net Income": 130
    },
    "2018-06-30": {
        "Diluted EPS": 0.64,
        "Total Revenue": NaN,
        "Gross Profit": 519,
        "Operating Income": 171,
        "EBIT": 236,
        "Net Income": 115
    },
    "2018-03-31": {
        "Diluted EPS": 0.43,
        "Total Revenue": NaN,
        "Gross Profit": 460,
        "Operating Income": 113,
        "EBIT": 180,
        "Net Income": 79
    },
    "2017-12-31": {
        "Diluted EPS": 0.39,
        "Total Revenue": NaN,
        "Gross Profit": 507,
        "Operating Income": 177,
        "EBIT": 237,
        "Net Income": 71
    },
    "2017-09-30": {
        "Diluted EPS": 0.58,
        "Total Revenue": NaN,
        "Gross Profit": 471,
        "Operating Income": 152,
        "EBIT": 210,
        "Net Income": 105
    },
    "2017-06-30": {
        "Diluted EPS": 0.55,
        "Total Revenue": NaN,
        "Gross Profit": 457,
        "Operating Income": 137,
        "EBIT": 194,
        "Net Income": 99
    },
    "2017-03-31": {
        "Diluted EPS": 0.31,
        "Total Revenue": NaN,
        "Gross Profit": 412,
        "Operating Income": 86,
        "EBIT": 145,
        "Net Income": 56
    },
    "2016-12-31": {
        "Diluted EPS": 0.28,
        "Total Revenue": NaN,
        "Gross Profit": 407,
        "Operating Income": 111,
        "EBIT": 165,
        "Net Income": 50
    },
    "2016-09-30": {
        "Diluted EPS": 0.41,
        "Total Revenue": 897,
        "Gross Profit": 357,
        "Operating Income": 109,
        "EBIT": 141,
        "Net Income": 73
    },
    "2016-06-30": {
        "Diluted EPS": 0.39,
        "Total Revenue": 932,
        "Gross Profit": 369,
        "Operating Income": 109,
        "EBIT": 142,
        "Net Income": 71
    },
    "2016-03-31": {
        "Diluted EPS": 0.37,
        "Total Revenue": 847,
        "Gross Profit": 329,
        "Operating Income": 79,
        "EBIT": 111,
        "Net Income": 66
    },
    "2015-12-31": {
        "Diluted EPS": 0.63,
        "Total Revenue": 994,
        "Gross Profit": 390,
        "Operating Income": 142,
        "EBIT": 173,
        "Net Income": 114
    },
    "2015-09-30": {
        "Diluted EPS": 0.48,
        "Total Revenue": 902,
        "Gross Profit": 351,
        "Operating Income": 120,
        "EBIT": 153,
        "Net Income": 88
    },
    "2015-06-30": {
        "Diluted EPS": 0.41,
        "Total Revenue": 920,
        "Gross Profit": 348,
        "Operating Income": 104,
        "EBIT": 138,
        "Net Income": 74
    },
    "2015-03-31": {
        "Diluted EPS": 0.35,
        "Total Revenue": 837,
        "Gross Profit": 315,
        "Operating Income": 83,
        "EBIT": 118,
        "Net Income": 64
    },
    "2014-12-31": {
        "Diluted EPS": 0.51,
        "Total Revenue": NaN,
        "Gross Profit": 407,
        "Operating Income": 141,
        "EBIT": 176,
        "Net Income": 96
    },
    "2014-09-30": {
        "Diluted EPS": 0.58,
        "Total Revenue": 963,
        "Gross Profit": 376,
        "Operating Income": 130,
        "EBIT": 165,
        "Net Income": 106
    },
    "2014-06-30": {
        "Diluted EPS": 0.47,
        "Total Revenue": NaN,
        "Gross Profit": 388,
        "Operating Income": 116,
        "EBIT": 152,
        "Net Income": 86
    },
    "2014-03-31": {
        "Diluted EPS": 0.27,
        "Total Revenue": 906,
        "Gross Profit": 342,
        "Operating Income": 76,
        "EBIT": 112,
        "Net Income": 49
    },
    "2013-12-31": {
        "Diluted EPS": 0.36,
        "Total Revenue": NaN,
        "Gross Profit": 410,
        "Operating Income": 129,
        "EBIT": 169,
        "Net Income": 68
    },
    "2013-09-30": {
        "Diluted EPS": 0.39,
        "Total Revenue": 965,
        "Gross Profit": 384,
        "Operating Income": 98,
        "EBIT": 134,
        "Net Income": 73
    },
    "2013-06-30": {
        "Diluted EPS": 0.25,
        "Total Revenue": 960,
        "Gross Profit": 371,
        "Operating Income": 70,
        "EBIT": 107,
        "Net Income": 46
    },
    "2013-03-31": {
        "Diluted EPS": 0.22,
        "Total Revenue": 879,
        "Gross Profit": 334,
        "Operating Income": 66,
        "EBIT": 103,
        "Net Income": 41
    },
    "2012-12-31": {
        "Diluted EPS": 0.39,
        "Total Revenue": 969,
        "Gross Profit": 382,
        "Operating Income": 104,
        "EBIT": 143,
        "Net Income": 73
    },
    "2012-09-30": {
        "Diluted EPS": 0.38,
        "Total Revenue": 931,
        "Gross Profit": 374,
        "Operating Income": 111,
        "EBIT": 147,
        "Net Income": 72
    },
    "2012-06-30": {
        "Diluted EPS": 0.48,
        "Total Revenue": 966,
        "Gross Profit": 383,
        "Operating Income": 129,
        "EBIT": 162,
        "Net Income": 89
    },
    "2012-03-31": {
        "Diluted EPS": 0.34,
        "Total Revenue": 925,
        "Gross Profit": 363,
        "Operating Income": 99,
        "EBIT": 133,
        "Net Income": 63
    },
    "2011-12-31": {
        "Diluted EPS": 0.27,
        "Total Revenue": NaN,
        "Gross Profit": 380,
        "Operating Income": 100,
        "EBIT": 133,
        "Net Income": 52
    },
    "2011-09-30": {
        "Diluted EPS": 0.42,
        "Total Revenue": 939,
        "Gross Profit": 365,
        "Operating Income": 79,
        "EBIT": 115,
        "Net Income": 77
    },
    "2011-06-30": {
        "Diluted EPS": 0.39,
        "Total Revenue": 971,
        "Gross Profit": 379,
        "Operating Income": 116,
        "EBIT": 151,
        "Net Income": 72
    },
    "2011-03-31": {
        "Diluted EPS": 0.42,
        "Total Revenue": 890,
        "Gross Profit": 337,
        "Operating Income": 100,
        "EBIT": 133,
        "Net Income": 78
    },
    "2010-12-31": {
        "Diluted EPS": 0.53,
        "Total Revenue": 935,
        "Gross Profit": 935,
        "Operating Income": 935,
        "EBIT": 960,
        "Net Income": 97
    },
    "2010-09-30": {
        "Diluted EPS": 0.0,
        "Total Revenue": 806,
        "Gross Profit": 309,
        "Operating Income": 107,
        "EBIT": 107,
        "Net Income": 91
    },
    "2010-06-30": {
        "Diluted EPS": 0.46,
        "Total Revenue": 789,
        "Gross Profit": 789,
        "Operating Income": 789,
        "EBIT": 789,
        "Net Income": 85
    },
    "2010-03-31": {
        "Diluted EPS": 0.3,
        "Total Revenue": 700,
        "Gross Profit": 700,
        "Operating Income": 700,
        "EBIT": 700,
        "Net Income": 56
    },
    "2009-12-31": {
        "Diluted EPS": 0.0,
        "Total Revenue": NaN,
        "Gross Profit": NaN,
        "Operating Income": NaN,
        "EBIT": NaN,
        "Net Income": NaN
    }
}