{
    "2023-03-31": {
        "Tax Effect Of Unusual Items": 14772.380985,
        "Tax Rate For Calcs": 0.030032,
        "Normalized EBITDA": 16421349.0,
        "Total Unusual Items": 491889.0,
        "Total Unusual Items Excluding Goodwill": 491889.0,
        "Net Income From Continuing Operation Net Minority Interest": 20461649.0,
        "Reconciled Cost Of Revenue": 27852477.0,
        "EBITDA": 16913238.0,
        "EBIT": 16913238.0,
        "Net Interest Income": 3118289.0,
        "Interest Income": 3118289.0,
        "Normalized Income": 19984532.380985,
        "Net Income From Continuing And Discontinued Operation": 20461649.0,
        "Total Expenses": 56605375.0,
        "Total Operating Income As Reported": 16735579.0,
        "Diluted Average Shares": 180517715.0,
        "Basic Average Shares": 157976350.0,
        "Diluted EPS": 0.11,
        "Basic EPS": 0.13,
        "Diluted NI Availto Com Stockholders": 20461649.0,
        "Net Income Common Stockholders": 20461649.0,
        "Net Income": 20461649.0,
        "Minority Interests": 554591.0,
        "Net Income Including Noncontrolling Interests": 19907058.0,
        "Net Income Continuous Operations": 19907058.0,
        "Tax Provision": 616358.0,
        "Pretax Income": 20523416.0,
        "Other Income Expense": 491889.0,
        "Special Income Charges": 0.0,
        "Write Off": 0.0,
        "Gain On Sale Of Security": 491889.0,
        "Net Non Operating Interest Income Expense": 3118289.0,
        "Interest Income Non Operating": 3118289.0,
        "Operating Income": 16913238.0,
        "Operating Expense": 28752898.0,
        "Other Operating Expenses": -177659.0,
        "Research And Development": 7411188.0,
        "Selling General And Administration": 21519369.0,
        "Selling And Marketing Expense": 11354975.0,
        "General And Administrative Expense": 10164394.0,
        "Other Gand A": 10164394.0,
        "Salaries And Wages": NaN,
        "Gross Profit": 45666136.0,
        "Cost Of Revenue": 27852477.0,
        "Total Revenue": 73518613.0,
        "Operating Revenue": 73518613.0
    },
    "2022-12-31": {
        "Tax Effect Of Unusual Items": -10501.345112,
        "Tax Rate For Calcs": 0.024518,
        "Normalized EBITDA": 15541619.0,
        "Total Unusual Items": -428306.0,
        "Total Unusual Items Excluding Goodwill": -428306.0,
        "Net Income From Continuing Operation Net Minority Interest": 16762517.0,
        "Reconciled Cost Of Revenue": 27439485.0,
        "EBITDA": 15113313.0,
        "EBIT": 15113313.0,
        "Net Interest Income": 2295844.0,
        "Interest Income": 2295844.0,
        "Normalized Income": 17180321.654888,
        "Net Income From Continuing And Discontinued Operation": 16762517.0,
        "Total Expenses": 60000478.0,
        "Total Operating Income As Reported": 15003055.0,
        "Diluted Average Shares": 177515233.0,
        "Basic Average Shares": 157373645.0,
        "Diluted EPS": 0.09,
        "Basic EPS": 0.11,
        "Diluted NI Availto Com Stockholders": 16762517.0,
        "Net Income Common Stockholders": 16762517.0,
        "Net Income": 16762517.0,
        "Minority Interests": 198008.0,
        "Net Income Including Noncontrolling Interests": 16564509.0,
        "Net Income Continuous Operations": 16564509.0,
        "Tax Provision": 416342.0,
        "Pretax Income": 16980851.0,
        "Other Income Expense": -428306.0,
        "Special Income Charges": -705428.0,
        "Write Off": 705428.0,
        "Gain On Sale Of Security": 277122.0,
        "Net Non Operating Interest Income Expense": 2295844.0,
        "Interest Income Non Operating": 2295844.0,
        "Operating Income": 15113313.0,
        "Operating Expense": 32560993.0,
        "Other Operating Expenses": -110258.0,
        "Research And Development": 5376318.0,
        "Selling General And Administration": 27294933.0,
        "Selling And Marketing Expense": 14254031.0,
        "General And Administrative Expense": 13040902.0,
        "Other Gand A": 13040902.0,
        "Salaries And Wages": NaN,
        "Gross Profit": 47674306.0,
        "Cost Of Revenue": 27439485.0,
        "Total Revenue": 75113791.0,
        "Operating Revenue": 75113791.0
    },
    "2022-09-30": {
        "Tax Effect Of Unusual Items": NaN,
        "Tax Rate For Calcs": NaN,
        "Normalized EBITDA": NaN,
        "Total Unusual Items": NaN,
        "Total Unusual Items Excluding Goodwill": NaN,
        "Net Income From Continuing Operation Net Minority Interest": NaN,
        "Reconciled Cost Of Revenue": NaN,
        "EBITDA": NaN,
        "EBIT": NaN,
        "Net Interest Income": NaN,
        "Interest Income": NaN,
        "Normalized Income": NaN,
        "Net Income From Continuing And Discontinued Operation": NaN,
        "Total Expenses": NaN,
        "Total Operating Income As Reported": NaN,
        "Diluted Average Shares": 177347900.0,
        "Basic Average Shares": 155190724.0,
        "Diluted EPS": 0.14,
        "Basic EPS": 0.16,
        "Diluted NI Availto Com Stockholders": NaN,
        "Net Income Common Stockholders": NaN,
        "Net Income": NaN,
        "Minority Interests": NaN,
        "Net Income Including Noncontrolling Interests": NaN,
        "Net Income Continuous Operations": NaN,
        "Tax Provision": NaN,
        "Pretax Income": NaN,
        "Other Income Expense": NaN,
        "Special Income Charges": 0.0,
        "Write Off": 0.0,
        "Gain On Sale Of Security": NaN,
        "Net Non Operating Interest Income Expense": NaN,
        "Interest Income Non Operating": NaN,
        "Operating Income": NaN,
        "Operating Expense": NaN,
        "Other Operating Expenses": NaN,
        "Research And Development": NaN,
        "Selling General And Administration": NaN,
        "Selling And Marketing Expense": NaN,
        "General And Administrative Expense": NaN,
        "Other Gand A": NaN,
        "Salaries And Wages": NaN,
        "Gross Profit": NaN,
        "Cost Of Revenue": NaN,
        "Total Revenue": NaN,
        "Operating Revenue": NaN
    },
    "2022-06-30": {
        "Tax Effect Of Unusual Items": 652.48853,
        "Tax Rate For Calcs": 0.036918,
        "Normalized EBITDA": 20921847.0,
        "Total Unusual Items": 17674.0,
        "Total Unusual Items Excluding Goodwill": 17674.0,
        "Net Income From Continuing Operation Net Minority Interest": 20589849.0,
        "Reconciled Cost Of Revenue": 29272347.0,
        "EBITDA": 20939521.0,
        "EBIT": 20939521.0,
        "Net Interest Income": 176432.0,
        "Interest Income": 176432.0,
        "Normalized Income": 20572827.48853,
        "Net Income From Continuing And Discontinued Operation": 20589849.0,
        "Total Expenses": 55151278.0,
        "Total Operating Income As Reported": 20937674.0,
        "Diluted Average Shares": 175146529.0,
        "Basic Average Shares": 151384789.0,
        "Diluted EPS": 0.12,
        "Basic EPS": 0.14,
        "Diluted NI Availto Com Stockholders": 20589849.0,
        "Net Income Common Stockholders": 20589849.0,
        "Net Income": 20589849.0,
        "Minority Interests": 236433.0,
        "Net Income Including Noncontrolling Interests": 20353416.0,
        "Net Income Continuous Operations": 20353416.0,
        "Tax Provision": 780211.0,
        "Pretax Income": 21133627.0,
        "Other Income Expense": 17674.0,
        "Special Income Charges": NaN,
        "Write Off": NaN,
        "Gain On Sale Of Security": 17674.0,
        "Net Non Operating Interest Income Expense": 176432.0,
        "Interest Income Non Operating": 176432.0,
        "Operating Income": 20939521.0,
        "Operating Expense": 25878931.0,
        "Other Operating Expenses": -1847.0,
        "Research And Development": 7726715.0,
        "Selling General And Administration": 18154063.0,
        "Selling And Marketing Expense": 11208074.0,
        "General And Administrative Expense": 6945989.0,
        "Other Gand A": 6945989.0,
        "Salaries And Wages": NaN,
        "Gross Profit": 46818452.0,
        "Cost Of Revenue": 29272347.0,
        "Total Revenue": 76090799.0,
        "Operating Revenue": 76090799.0
    },
    "2022-03-31": {
        "Diluted EPS": 0.1,
        "Total Revenue": 72,
        "Gross Profit": 45,
        "Operating Income": 18,
        "EBIT": 18,
        "Net Income": 18
    },
    "2021-12-31": {
        "Diluted EPS": 0.11,
        "Total Revenue": 68,
        "Gross Profit": 44,
        "Operating Income": 18,
        "EBIT": 18,
        "Net Income": 19
    },
    "2021-09-30": {
        "Diluted EPS": 0.14,
        "Total Revenue": 71,
        "Gross Profit": 48,
        "Operating Income": 26,
        "EBIT": 26,
        "Net Income": 25
    },
    "2021-06-30": {
        "Diluted EPS": 0.1,
        "Total Revenue": 67,
        "Gross Profit": 43,
        "Operating Income": 19,
        "EBIT": 19,
        "Net Income": 18
    },
    "2021-03-31": {
        "Diluted EPS": 0.11,
        "Total Revenue": 68,
        "Gross Profit": 44,
        "Operating Income": 20,
        "EBIT": 20,
        "Net Income": 20
    },
    "2020-12-31": {
        "Diluted EPS": 0.06,
        "Total Revenue": 48,
        "Gross Profit": 30,
        "Operating Income": 9,
        "EBIT": 10,
        "Net Income": 9
    },
    "2020-09-30": {
        "Diluted EPS": -0.43,
        "Total Revenue": 34,
        "Gross Profit": 8,
        "Operating Income": -31,
        "EBIT": -31,
        "Net Income": -32
    },
    "2020-06-30": {
        "Diluted EPS": 0.12,
        "Total Revenue": 32,
        "Gross Profit": 21,
        "Operating Income": 16,
        "EBIT": 16,
        "Net Income": 12
    },
    "2020-03-31": {
        "Diluted EPS": 0.07,
        "Total Revenue": 21,
        "Gross Profit": 14,
        "Operating Income": 9,
        "EBIT": 9,
        "Net Income": 9
    },
    "2019-12-31": {
        "Diluted EPS": 0.0,
        "Total Revenue": NaN,
        "Gross Profit": NaN,
        "Operating Income": NaN,
        "EBIT": NaN,
        "Net Income": NaN
    },
    "2023-06-30": {
        "Tax Effect Of Unusual Items": 14941.473309,
        "Tax Rate For Calcs": 0.028228,
        "Normalized EBITDA": 23407659.0,
        "Total Unusual Items": 529308.0,
        "Total Unusual Items Excluding Goodwill": 529308.0,
        "Net Income From Continuing Operation Net Minority Interest": 29470561.0,
        "Reconciled Cost Of Revenue": 28330815.0,
        "EBITDA": 23936967.0,
        "EBIT": 23936967.0,
        "Net Interest Income": 4623275.0,
        "Interest Income": 4623275.0,
        "Normalized Income": 28956194.473309,
        "Net Income From Continuing And Discontinued Operation": 29470561.0,
        "Total Expenses": 55309396.0,
        "Total Operating Income As Reported": 23932407.0,
        "Diluted Average Shares": 180752549.0,
        "Basic Average Shares": 158871859.0,
        "Diluted EPS": 0.16,
        "Basic EPS": 0.19,
        "Diluted NI Availto Com Stockholders": 29470561.0,
        "Net Income Common Stockholders": 29470561.0,
        "Net Income": 29470561.0,
        "Minority Interests": 1202160.0,
        "Net Income Including Noncontrolling Interests": 28268401.0,
        "Net Income Continuous Operations": 28268401.0,
        "Tax Provision": 821149.0,
        "Pretax Income": 29089550.0,
        "Other Income Expense": 529308.0,
        "Special Income Charges": NaN,
        "Write Off": NaN,
        "Gain On Sale Of Security": 529308.0,
        "Net Non Operating Interest Income Expense": 4623275.0,
        "Interest Income Non Operating": 4623275.0,
        "Operating Income": 23936967.0,
        "Operating Expense": 26978581.0,
        "Other Operating Expenses": -4560.0,
        "Research And Development": 6586078.0,
        "Selling General And Administration": 20397063.0,
        "Selling And Marketing Expense": 12378490.0,
        "General And Administrative Expense": 8018573.0,
        "Other Gand A": 8018573.0,
        "Salaries And Wages": 4257352.0,
        "Gross Profit": 50915548.0,
        "Cost Of Revenue": 28330815.0,
        "Total Revenue": 79246363.0,
        "Operating Revenue": 79246363.0
    },
    "2023-09-30": {
        "Tax Effect Of Unusual Items": -40894.681843,
        "Tax Rate For Calcs": 0.019718,
        "Normalized EBITDA": 34474688.0,
        "Total Unusual Items": -2073935.0,
        "Total Unusual Items Excluding Goodwill": -2073935.0,
        "Net Income From Continuing Operation Net Minority Interest": 36225105.0,
        "Reconciled Cost Of Revenue": 27772226.0,
        "EBITDA": 32400753.0,
        "EBIT": 32400753.0,
        "Net Interest Income": 5612861.0,
        "Interest Income": 5612861.0,
        "Normalized Income": 38258145.318157,
        "Net Income From Continuing And Discontinued Operation": 36225105.0,
        "Total Expenses": 52786607.0,
        "Total Operating Income As Reported": 32400525.0,
        "Diluted Average Shares": 183111650.0,
        "Basic Average Shares": 160554831.0,
        "Diluted EPS": 0.2,
        "Basic EPS": 0.23,
        "Diluted NI Availto Com Stockholders": 36225105.0,
        "Net Income Common Stockholders": 36225105.0,
        "Net Income": 36225105.0,
        "Minority Interests": 994099.0,
        "Net Income Including Noncontrolling Interests": 35231006.0,
        "Net Income Continuous Operations": 35231006.0,
        "Tax Provision": 708673.0,
        "Pretax Income": 35939679.0,
        "Other Income Expense": -2073935.0,
        "Special Income Charges": -2509480.0,
        "Write Off": 2509480.0,
        "Gain On Sale Of Security": 435545.0,
        "Net Non Operating Interest Income Expense": 5612861.0,
        "Interest Income Non Operating": 5612861.0,
        "Operating Income": 32400753.0,
        "Operating Expense": 25014381.0,
        "Other Operating Expenses": -228.0,
        "Research And Development": 6396426.0,
        "Selling General And Administration": 18618183.0,
        "Selling And Marketing Expense": 11292732.0,
        "General And Administrative Expense": 7325451.0,
        "Other Gand A": 7325451.0,
        "Salaries And Wages": NaN,
        "Gross Profit": 57415134.0,
        "Cost Of Revenue": 27772226.0,
        "Total Revenue": 85187360.0,
        "Operating Revenue": 85187360.0
    },
    "2023-12-31": {
        "Tax Effect Of Unusual Items": 4850.711407,
        "Tax Rate For Calcs": 0.017862,
        "Normalized EBITDA": 23169020.0,
        "Total Unusual Items": 271566.0,
        "Total Unusual Items Excluding Goodwill": 271566.0,
        "Net Income From Continuing Operation Net Minority Interest": 31185462.0,
        "Reconciled Cost Of Revenue": 30571656.0,
        "EBITDA": 23440586.0,
        "EBIT": 23440586.0,
        "Net Interest Income": 6479095.0,
        "Interest Income": 6479095.0,
        "Normalized Income": 30918746.711407,
        "Net Income From Continuing And Discontinued Operation": 31185462.0,
        "Total Expenses": 57484642.0,
        "Total Operating Income As Reported": 23285678.0,
        "Diluted Average Shares": NaN,
        "Basic Average Shares": NaN,
        "Diluted EPS": NaN,
        "Basic EPS": NaN,
        "Diluted NI Availto Com Stockholders": 31185462.0,
        "Net Income Common Stockholders": 31185462.0,
        "Net Income": 31185462.0,
        "Minority Interests": 1533491.0,
        "Net Income Including Noncontrolling Interests": 29651971.0,
        "Net Income Continuous Operations": 29651971.0,
        "Tax Provision": 539276.0,
        "Pretax Income": 30191247.0,
        "Other Income Expense": 271566.0,
        "Special Income Charges": 0.0,
        "Write Off": 0.0,
        "Gain On Sale Of Security": 271566.0,
        "Net Non Operating Interest Income Expense": 6479095.0,
        "Interest Income Non Operating": 6479095.0,
        "Operating Income": 23440586.0,
        "Operating Expense": 26912986.0,
        "Other Operating Expenses": -154908.0,
        "Research And Development": 5411303.0,
        "Selling General And Administration": 21656591.0,
        "Selling And Marketing Expense": 10356555.0,
        "General And Administrative Expense": 11300036.0,
        "Other Gand A": 11300036.0,
        "Salaries And Wages": NaN,
        "Gross Profit": 50353572.0,
        "Cost Of Revenue": 30571656.0,
        "Total Revenue": 80925228.0,
        "Operating Revenue": 80925228.0
    }
}