{
    "2023-03-31": {
        "Tax Effect Of Unusual Items": NaN,
        "Tax Rate For Calcs": NaN,
        "Normalized EBITDA": NaN,
        "Total Unusual Items": NaN,
        "Total Unusual Items Excluding Goodwill": NaN,
        "Net Income From Continuing Operation Net Minority Interest": NaN,
        "Reconciled Depreciation": NaN,
        "Reconciled Cost Of Revenue": NaN,
        "EBITDA": NaN,
        "EBIT": NaN,
        "Net Interest Income": NaN,
        "Interest Income": NaN,
        "Normalized Income": NaN,
        "Net Income From Continuing And Discontinued Operation": NaN,
        "Total Expenses": NaN,
        "Total Operating Income As Reported": NaN,
        "Diluted Average Shares": NaN,
        "Basic Average Shares": NaN,
        "Diluted EPS": NaN,
        "Basic EPS": NaN,
        "Diluted NI Availto Com Stockholders": NaN,
        "Net Income Common Stockholders": NaN,
        "Net Income": NaN,
        "Net Income Including Noncontrolling Interests": NaN,
        "Net Income Continuous Operations": NaN,
        "Tax Provision": NaN,
        "Pretax Income": NaN,
        "Other Income Expense": NaN,
        "Other Non Operating Income Expenses": NaN,
        "Special Income Charges": NaN,
        "Other Special Charges": NaN,
        "Restructuring And Mergern Acquisition": 70000.0,
        "Gain On Sale Of Security": NaN,
        "Net Non Operating Interest Income Expense": NaN,
        "Total Other Finance Cost": -4007000.0,
        "Interest Income Non Operating": NaN,
        "Operating Income": NaN,
        "Operating Expense": NaN,
        "Depreciation Amortization Depletion Income Statement": NaN,
        "Depreciation And Amortization In Income Statement": NaN,
        "Research And Development": NaN,
        "Selling General And Administration": NaN,
        "Selling And Marketing Expense": NaN,
        "General And Administrative Expense": NaN,
        "Other Gand A": NaN,
        "Gross Profit": NaN,
        "Cost Of Revenue": NaN,
        "Total Revenue": NaN,
        "Operating Revenue": NaN
    },
    "2022-12-31": {
        "Tax Effect Of Unusual Items": NaN,
        "Tax Rate For Calcs": NaN,
        "Normalized EBITDA": NaN,
        "Total Unusual Items": NaN,
        "Total Unusual Items Excluding Goodwill": NaN,
        "Net Income From Continuing Operation Net Minority Interest": NaN,
        "Reconciled Depreciation": NaN,
        "Reconciled Cost Of Revenue": NaN,
        "EBITDA": NaN,
        "EBIT": NaN,
        "Net Interest Income": NaN,
        "Interest Income": NaN,
        "Normalized Income": NaN,
        "Net Income From Continuing And Discontinued Operation": NaN,
        "Total Expenses": NaN,
        "Total Operating Income As Reported": NaN,
        "Diluted Average Shares": NaN,
        "Basic Average Shares": NaN,
        "Diluted EPS": NaN,
        "Basic EPS": NaN,
        "Diluted NI Availto Com Stockholders": NaN,
        "Net Income Common Stockholders": NaN,
        "Net Income": NaN,
        "Net Income Including Noncontrolling Interests": NaN,
        "Net Income Continuous Operations": NaN,
        "Tax Provision": NaN,
        "Pretax Income": NaN,
        "Other Income Expense": NaN,
        "Other Non Operating Income Expenses": NaN,
        "Special Income Charges": NaN,
        "Other Special Charges": NaN,
        "Restructuring And Mergern Acquisition": 0.0,
        "Gain On Sale Of Security": NaN,
        "Net Non Operating Interest Income Expense": NaN,
        "Total Other Finance Cost": -3204000.0,
        "Interest Income Non Operating": NaN,
        "Operating Income": NaN,
        "Operating Expense": NaN,
        "Depreciation Amortization Depletion Income Statement": NaN,
        "Depreciation And Amortization In Income Statement": NaN,
        "Research And Development": NaN,
        "Selling General And Administration": NaN,
        "Selling And Marketing Expense": NaN,
        "General And Administrative Expense": NaN,
        "Other Gand A": NaN,
        "Gross Profit": NaN,
        "Cost Of Revenue": NaN,
        "Total Revenue": NaN,
        "Operating Revenue": NaN
    },
    "2022-09-30": {
        "Tax Effect Of Unusual Items": NaN,
        "Tax Rate For Calcs": NaN,
        "Normalized EBITDA": NaN,
        "Total Unusual Items": NaN,
        "Total Unusual Items Excluding Goodwill": NaN,
        "Net Income From Continuing Operation Net Minority Interest": NaN,
        "Reconciled Depreciation": NaN,
        "Reconciled Cost Of Revenue": NaN,
        "EBITDA": NaN,
        "EBIT": NaN,
        "Net Interest Income": NaN,
        "Interest Income": 2007000.0,
        "Normalized Income": NaN,
        "Net Income From Continuing And Discontinued Operation": NaN,
        "Total Expenses": NaN,
        "Total Operating Income As Reported": NaN,
        "Diluted Average Shares": NaN,
        "Basic Average Shares": NaN,
        "Diluted EPS": NaN,
        "Basic EPS": NaN,
        "Diluted NI Availto Com Stockholders": NaN,
        "Net Income Common Stockholders": NaN,
        "Net Income": NaN,
        "Net Income Including Noncontrolling Interests": NaN,
        "Net Income Continuous Operations": NaN,
        "Tax Provision": NaN,
        "Pretax Income": NaN,
        "Other Income Expense": NaN,
        "Other Non Operating Income Expenses": NaN,
        "Special Income Charges": NaN,
        "Restructuring And Mergern Acquisition": NaN,
        "Gain On Sale Of Security": NaN,
        "Net Non Operating Interest Income Expense": NaN,
        "Total Other Finance Cost": -2007000.0,
        "Interest Income Non Operating": 2007000.0,
        "Operating Income": NaN,
        "Operating Expense": NaN,
        "Depreciation Amortization Depletion Income Statement": NaN,
        "Depreciation And Amortization In Income Statement": NaN,
        "Research And Development": NaN,
        "Selling General And Administration": NaN,
        "Selling And Marketing Expense": NaN,
        "General And Administrative Expense": NaN,
        "Other Gand A": NaN,
        "Gross Profit": NaN,
        "Cost Of Revenue": NaN,
        "Total Revenue": NaN,
        "Operating Revenue": NaN
    },
    "2022-06-30": {
        "Tax Effect Of Unusual Items": -37600.0,
        "Tax Rate For Calcs": 0.4,
        "Normalized EBITDA": 27353000.0,
        "Total Unusual Items": -94000.0,
        "Total Unusual Items Excluding Goodwill": -94000.0,
        "Net Income From Continuing Operation Net Minority Interest": 8009000.0,
        "Reconciled Depreciation": 11258000.0,
        "Reconciled Cost Of Revenue": 26988000.0,
        "EBITDA": 27259000.0,
        "EBIT": 16001000.0,
        "Net Interest Income": 529000.0,
        "Interest Income": NaN,
        "Normalized Income": 8065400.0,
        "Net Income From Continuing And Discontinued Operation": 8009000.0,
        "Total Expenses": 282883000.0,
        "Total Operating Income As Reported": 16001000.0,
        "Diluted Average Shares": 72835000.0,
        "Basic Average Shares": 71217000.0,
        "Diluted EPS": 0.11,
        "Basic EPS": 0.11,
        "Diluted NI Availto Com Stockholders": 8009000.0,
        "Net Income Common Stockholders": 8009000.0,
        "Net Income": 8009000.0,
        "Net Income Including Noncontrolling Interests": 8009000.0,
        "Net Income Continuous Operations": 8009000.0,
        "Tax Provision": 9319000.0,
        "Pretax Income": 17328000.0,
        "Other Income Expense": 798000.0,
        "Other Non Operating Income Expenses": 892000.0,
        "Special Income Charges": -94000.0,
        "Restructuring And Mergern Acquisition": 94000.0,
        "Gain On Sale Of Security": -94000.0,
        "Net Non Operating Interest Income Expense": 529000.0,
        "Total Other Finance Cost": -529000.0,
        "Interest Income Non Operating": NaN,
        "Operating Income": 16001000.0,
        "Operating Expense": 255895000.0,
        "Depreciation Amortization Depletion Income Statement": 11258000.0,
        "Depreciation And Amortization In Income Statement": 11258000.0,
        "Research And Development": 76848000.0,
        "Selling General And Administration": 167789000.0,
        "Selling And Marketing Expense": 129412000.0,
        "General And Administrative Expense": 38377000.0,
        "Other Gand A": 38377000.0,
        "Gross Profit": 271896000.0,
        "Cost Of Revenue": 26988000.0,
        "Total Revenue": 298884000.0,
        "Operating Revenue": 287458000.0
    },
    "2022-03-31": {
        "Diluted EPS": -0.01,
        "Total Revenue": 277,
        "Gross Profit": 253,
        "Operating Income": -4,
        "EBIT": 20,
        "Net Income": -1
    },
    "2021-12-31": {
        "Diluted EPS": 0.3,
        "Total Revenue": 273,
        "Gross Profit": 249,
        "Operating Income": 20,
        "EBIT": 41,
        "Net Income": 23
    },
    "2021-09-30": {
        "Diluted EPS": 0.23,
        "Total Revenue": 269,
        "Gross Profit": 248,
        "Operating Income": 22,
        "EBIT": 38,
        "Net Income": 18
    },
    "2021-06-30": {
        "Diluted EPS": 0.05,
        "Total Revenue": 257,
        "Gross Profit": 239,
        "Operating Income": -1,
        "EBIT": 15,
        "Net Income": 4
    },
    "2021-03-31": {
        "Diluted EPS": -0.08,
        "Total Revenue": 232,
        "Gross Profit": 217,
        "Operating Income": -9,
        "EBIT": 8,
        "Net Income": -6
    },
    "2020-12-31": {
        "Diluted EPS": 0.29,
        "Total Revenue": 233,
        "Gross Profit": 218,
        "Operating Income": 14,
        "EBIT": 44,
        "Net Income": 21
    },
    "2020-09-30": {
        "Diluted EPS": -0.01,
        "Total Revenue": 221,
        "Gross Profit": 208,
        "Operating Income": 9,
        "EBIT": 22,
        "Net Income": -1
    },
    "2020-06-30": {
        "Diluted EPS": -0.33,
        "Total Revenue": 169,
        "Gross Profit": 157,
        "Operating Income": -35,
        "EBIT": -23,
        "Net Income": -24
    },
    "2020-03-31": {
        "Diluted EPS": -0.22,
        "Total Revenue": 250,
        "Gross Profit": 233,
        "Operating Income": -27,
        "EBIT": -15,
        "Net Income": -16
    },
    "2019-12-31": {
        "Diluted EPS": 0.2,
        "Total Revenue": 269,
        "Gross Profit": 252,
        "Operating Income": 18,
        "EBIT": 30,
        "Net Income": 17
    },
    "2019-09-30": {
        "Diluted EPS": 0.14,
        "Total Revenue": 262,
        "Gross Profit": 246,
        "Operating Income": 10,
        "EBIT": 22,
        "Net Income": 10
    },
    "2019-06-30": {
        "Diluted EPS": 0.16,
        "Total Revenue": 247,
        "Gross Profit": 232,
        "Operating Income": 12,
        "EBIT": 24,
        "Net Income": 12
    },
    "2019-03-31": {
        "Diluted EPS": 0.02,
        "Total Revenue": 236,
        "Gross Profit": 222,
        "Operating Income": -4,
        "EBIT": 8,
        "Net Income": 1
    },
    "2018-12-31": {
        "Diluted EPS": 0.36,
        "Total Revenue": 244,
        "Gross Profit": 229,
        "Operating Income": 13,
        "EBIT": 24,
        "Net Income": 32
    },
    "2018-09-30": {
        "Diluted EPS": 0.17,
        "Total Revenue": 241,
        "Gross Profit": 227,
        "Operating Income": 10,
        "EBIT": 21,
        "Net Income": 15
    },
    "2018-06-30": {
        "Diluted EPS": 0.12,
        "Total Revenue": 235,
        "Gross Profit": 220,
        "Operating Income": 8,
        "EBIT": 18,
        "Net Income": 11
    },
    "2018-03-31": {
        "Diluted EPS": -0.03,
        "Total Revenue": 223,
        "Gross Profit": 208,
        "Operating Income": -5,
        "EBIT": 5,
        "Net Income": -2
    },
    "2017-12-31": {
        "Diluted EPS": 1.63,
        "Total Revenue": 219,
        "Gross Profit": 203,
        "Operating Income": 170,
        "EBIT": 180,
        "Net Income": 141
    },
    "2017-09-30": {
        "Diluted EPS": 0.09,
        "Total Revenue": 223,
        "Gross Profit": 204,
        "Operating Income": 7,
        "EBIT": 18,
        "Net Income": 8
    },
    "2017-06-30": {
        "Diluted EPS": 0.09,
        "Total Revenue": 210,
        "Gross Profit": 192,
        "Operating Income": 7,
        "EBIT": 18,
        "Net Income": 8
    },
    "2017-03-31": {
        "Diluted EPS": -0.05,
        "Total Revenue": 198,
        "Gross Profit": 181,
        "Operating Income": -5,
        "EBIT": 5,
        "Net Income": -4
    },
    "2016-12-31": {
        "Diluted EPS": 0.15,
        "Total Revenue": 198,
        "Gross Profit": 182,
        "Operating Income": 11,
        "EBIT": 21,
        "Net Income": -4
    },
    "2016-09-30": {
        "Diluted EPS": 0.02,
        "Total Revenue": 186,
        "Gross Profit": 172,
        "Operating Income": 2,
        "EBIT": 11,
        "Net Income": 2
    },
    "2016-06-30": {
        "Diluted EPS": 0.01,
        "Total Revenue": 173,
        "Gross Profit": 158,
        "Operating Income": -1,
        "EBIT": 7,
        "Net Income": 0
    },
    "2016-03-31": {
        "Diluted EPS": -0.2,
        "Total Revenue": 159,
        "Gross Profit": 144,
        "Operating Income": -14,
        "EBIT": -6,
        "Net Income": NaN
    },
    "2015-12-31": {
        "Diluted EPS": -0.29,
        "Total Revenue": 154,
        "Gross Profit": 139,
        "Operating Income": -6,
        "EBIT": 1,
        "Net Income": -22
    },
    "2015-09-30": {
        "Diluted EPS": -0.11,
        "Total Revenue": 144,
        "Gross Profit": 129,
        "Operating Income": -11,
        "EBIT": -3,
        "Net Income": -8
    },
    "2015-06-30": {
        "Diluted EPS": -0.02,
        "Total Revenue": 134,
        "Gross Profit": 121,
        "Operating Income": 0,
        "EBIT": 8,
        "Net Income": -1
    },
    "2015-03-31": {
        "Diluted EPS": -0.02,
        "Total Revenue": 119,
        "Gross Profit": 110,
        "Operating Income": -4,
        "EBIT": 3,
        "Net Income": -1
    },
    "2014-12-31": {
        "Diluted EPS": 0.43,
        "Total Revenue": 110,
        "Gross Profit": 103,
        "Operating Income": 8,
        "EBIT": 13,
        "Net Income": 33
    },
    "2014-09-30": {
        "Diluted EPS": 0.05,
        "Total Revenue": 102,
        "Gross Profit": 96,
        "Operating Income": 5,
        "EBIT": 9,
        "Net Income": 4
    },
    "2014-06-30": {
        "Diluted EPS": 0.04,
        "Total Revenue": 89,
        "Gross Profit": 83,
        "Operating Income": 3,
        "EBIT": 7,
        "Net Income": 3
    },
    "2014-03-31": {
        "Diluted EPS": -0.04,
        "Total Revenue": 76,
        "Gross Profit": 71,
        "Operating Income": -5,
        "EBIT": -1,
        "Net Income": -3
    },
    "2013-12-31": {
        "Diluted EPS": -0.02,
        "Total Revenue": 71,
        "Gross Profit": 66,
        "Operating Income": -2,
        "EBIT": 2,
        "Net Income": -2
    },
    "2013-09-30": {
        "Diluted EPS": -0.04,
        "Total Revenue": 61,
        "Gross Profit": 57,
        "Operating Income": -2,
        "EBIT": 1,
        "Net Income": -2
    },
    "2013-06-30": {
        "Diluted EPS": -0.01,
        "Total Revenue": 55,
        "Gross Profit": 51,
        "Operating Income": -1,
        "EBIT": 2,
        "Net Income": -1
    },
    "2013-03-31": {
        "Diluted EPS": -0.08,
        "Total Revenue": 46,
        "Gross Profit": 43,
        "Operating Income": -5,
        "EBIT": -2,
        "Net Income": -5
    },
    "2012-12-31": {
        "Diluted EPS": 0.02,
        "Total Revenue": 41,
        "Gross Profit": 38,
        "Operating Income": -5,
        "EBIT": -3,
        "Net Income": -5
    },
    "2012-09-30": {
        "Diluted EPS": -0.03,
        "Total Revenue": 36,
        "Gross Profit": 34,
        "Operating Income": -2,
        "EBIT": 0,
        "Net Income": -2
    },
    "2012-06-30": {
        "Diluted EPS": -0.03,
        "Total Revenue": 33,
        "Gross Profit": 30,
        "Operating Income": -2,
        "EBIT": 0,
        "Net Income": -2
    },
    "2012-03-31": {
        "Diluted EPS": -0.31,
        "Total Revenue": 27,
        "Gross Profit": 25,
        "Operating Income": -10,
        "EBIT": -8,
        "Net Income": -10
    },
    "2011-12-31": {
        "Diluted EPS": -0.59,
        "Total Revenue": 25,
        "Gross Profit": 23,
        "Operating Income": -9,
        "EBIT": -7,
        "Net Income": -9
    },
    "2011-09-30": {
        "Diluted EPS": -0.24,
        "Total Revenue": 22,
        "Gross Profit": 21,
        "Operating Income": -3,
        "EBIT": -2,
        "Net Income": -4
    },
    "2011-06-30": {
        "Diluted EPS": -0.08,
        "Total Revenue": 20,
        "Gross Profit": 18,
        "Operating Income": -1,
        "EBIT": 0,
        "Net Income": -1
    },
    "2011-03-31": {
        "Diluted EPS": -0.19,
        "Total Revenue": 17,
        "Gross Profit": 15,
        "Operating Income": -3,
        "EBIT": -2,
        "Net Income": -3
    },
    "2010-12-31": {
        "Diluted EPS": -0.55,
        "Total Revenue": 15,
        "Gross Profit": 15,
        "Operating Income": 15,
        "EBIT": 16,
        "Net Income": -1
    },
    "2010-09-30": {
        "Diluted EPS": -0.05,
        "Total Revenue": 13,
        "Gross Profit": 13,
        "Operating Income": 13,
        "EBIT": 13,
        "Net Income": -3
    },
    "2010-06-30": {
        "Diluted EPS": -0.05,
        "Total Revenue": 11,
        "Gross Profit": 11,
        "Operating Income": 11,
        "EBIT": 11,
        "Net Income": -3
    },
    "2010-03-31": {
        "Diluted EPS": -0.06,
        "Total Revenue": 9,
        "Gross Profit": 9,
        "Operating Income": 9,
        "EBIT": 9,
        "Net Income": -3
    },
    "2009-12-31": {
        "Diluted EPS": 0.0,
        "Total Revenue": NaN,
        "Gross Profit": NaN,
        "Operating Income": NaN,
        "EBIT": NaN,
        "Net Income": NaN
    },
    "2023-06-30": {
        "Tax Effect Of Unusual Items": NaN,
        "Tax Rate For Calcs": NaN,
        "Normalized EBITDA": NaN,
        "Total Unusual Items": NaN,
        "Total Unusual Items Excluding Goodwill": NaN,
        "Net Income From Continuing Operation Net Minority Interest": NaN,
        "Reconciled Depreciation": NaN,
        "Reconciled Cost Of Revenue": NaN,
        "EBITDA": NaN,
        "EBIT": NaN,
        "Net Interest Income": NaN,
        "Interest Income": 4656000.0,
        "Normalized Income": NaN,
        "Net Income From Continuing And Discontinued Operation": NaN,
        "Total Expenses": NaN,
        "Total Operating Income As Reported": NaN,
        "Diluted Average Shares": NaN,
        "Basic Average Shares": NaN,
        "Diluted EPS": NaN,
        "Basic EPS": NaN,
        "Diluted NI Availto Com Stockholders": NaN,
        "Net Income Common Stockholders": NaN,
        "Net Income": NaN,
        "Net Income Including Noncontrolling Interests": NaN,
        "Net Income Continuous Operations": NaN,
        "Tax Provision": NaN,
        "Pretax Income": NaN,
        "Other Income Expense": NaN,
        "Other Non Operating Income Expenses": NaN,
        "Special Income Charges": 0.0,
        "Other Special Charges": NaN,
        "Restructuring And Mergern Acquisition": -101000.0,
        "Gain On Sale Of Security": NaN,
        "Net Non Operating Interest Income Expense": NaN,
        "Total Other Finance Cost": NaN,
        "Interest Income Non Operating": 4656000.0,
        "Operating Income": NaN,
        "Operating Expense": NaN,
        "Depreciation Amortization Depletion Income Statement": NaN,
        "Depreciation And Amortization In Income Statement": NaN,
        "Research And Development": NaN,
        "Selling General And Administration": NaN,
        "Selling And Marketing Expense": NaN,
        "General And Administrative Expense": NaN,
        "Other Gand A": NaN,
        "Gross Profit": NaN,
        "Cost Of Revenue": NaN,
        "Total Revenue": NaN,
        "Operating Revenue": NaN
    },
    "2023-09-30": {
        "Tax Effect Of Unusual Items": -21000.0,
        "Tax Rate For Calcs": 0.21,
        "Normalized EBITDA": 59583000.0,
        "Total Unusual Items": -100000.0,
        "Total Unusual Items Excluding Goodwill": -100000.0,
        "Net Income From Continuing Operation Net Minority Interest": 58216000.0,
        "Reconciled Depreciation": 17610000.0,
        "Reconciled Cost Of Revenue": 21221000.0,
        "EBITDA": 59483000.0,
        "EBIT": 41873000.0,
        "Net Interest Income": 5187000.0,
        "Interest Income": 5187000.0,
        "Normalized Income": 58295000.0,
        "Net Income From Continuing And Discontinued Operation": 58216000.0,
        "Total Expenses": 303249000.0,
        "Total Operating Income As Reported": 41873000.0,
        "Diluted Average Shares": 73566000.0,
        "Basic Average Shares": 69030000.0,
        "Diluted EPS": 0.79,
        "Basic EPS": 0.84,
        "Diluted NI Availto Com Stockholders": 58216000.0,
        "Net Income Common Stockholders": 58216000.0,
        "Net Income": 58216000.0,
        "Net Income Including Noncontrolling Interests": 58216000.0,
        "Net Income Continuous Operations": 58216000.0,
        "Tax Provision": -10189000.0,
        "Pretax Income": 48027000.0,
        "Other Income Expense": 967000.0,
        "Other Non Operating Income Expenses": 1067000.0,
        "Special Income Charges": 0.0,
        "Other Special Charges": NaN,
        "Restructuring And Mergern Acquisition": 100000.0,
        "Gain On Sale Of Security": -100000.0,
        "Net Non Operating Interest Income Expense": 5187000.0,
        "Total Other Finance Cost": NaN,
        "Interest Income Non Operating": 5187000.0,
        "Operating Income": 41873000.0,
        "Operating Expense": 274879000.0,
        "Depreciation Amortization Depletion Income Statement": 10461000.0,
        "Depreciation And Amortization In Income Statement": 10461000.0,
        "Research And Development": 81020000.0,
        "Selling General And Administration": 183398000.0,
        "Selling And Marketing Expense": 137703000.0,
        "General And Administrative Expense": 45695000.0,
        "Other Gand A": 45695000.0,
        "Gross Profit": 316752000.0,
        "Cost Of Revenue": 28370000.0,
        "Total Revenue": 345122000.0,
        "Operating Revenue": 330032000.0
    },
    "2023-12-31": {
        "Tax Effect Of Unusual Items": 22293.933116,
        "Tax Rate For Calcs": 0.188932,
        "Normalized EBITDA": 40436000.0,
        "Total Unusual Items": 118000.0,
        "Total Unusual Items Excluding Goodwill": 118000.0,
        "Net Income From Continuing Operation Net Minority Interest": 27406000.0,
        "Reconciled Depreciation": 15539000.0,
        "Reconciled Cost Of Revenue": 24380000.0,
        "EBITDA": 40554000.0,
        "EBIT": 25015000.0,
        "Net Interest Income": 5721000.0,
        "Interest Income": NaN,
        "Normalized Income": 27310293.933116,
        "Net Income From Continuing And Discontinued Operation": 27406000.0,
        "Total Expenses": 317361000.0,
        "Total Operating Income As Reported": 25015000.0,
        "Diluted Average Shares": 73159000.0,
        "Basic Average Shares": 68790000.0,
        "Diluted EPS": 0.37,
        "Basic EPS": 0.4,
        "Diluted NI Availto Com Stockholders": 27406000.0,
        "Net Income Common Stockholders": 27406000.0,
        "Net Income": 27406000.0,
        "Net Income Including Noncontrolling Interests": 27406000.0,
        "Net Income Continuous Operations": 27406000.0,
        "Tax Provision": 6384000.0,
        "Pretax Income": 33790000.0,
        "Other Income Expense": 3054000.0,
        "Other Non Operating Income Expenses": 2936000.0,
        "Special Income Charges": 118000.0,
        "Other Special Charges": NaN,
        "Restructuring And Mergern Acquisition": -118000.0,
        "Gain On Sale Of Security": 118000.0,
        "Net Non Operating Interest Income Expense": 5721000.0,
        "Total Other Finance Cost": NaN,
        "Interest Income Non Operating": NaN,
        "Operating Income": 25015000.0,
        "Operating Expense": 287745000.0,
        "Depreciation Amortization Depletion Income Statement": 10303000.0,
        "Depreciation And Amortization In Income Statement": 10303000.0,
        "Research And Development": 78323000.0,
        "Selling General And Administration": 199119000.0,
        "Selling And Marketing Expense": 132297000.0,
        "General And Administrative Expense": 66822000.0,
        "Other Gand A": 66822000.0,
        "Gross Profit": 312760000.0,
        "Cost Of Revenue": 29616000.0,
        "Total Revenue": 342376000.0,
        "Operating Revenue": 330298000.0
    },
    "2024-03-31": {
        "Tax Effect Of Unusual Items": -35887.9679,
        "Tax Rate For Calcs": 0.252732,
        "Normalized EBITDA": 25150000.0,
        "Total Unusual Items": -142000.0,
        "Total Unusual Items Excluding Goodwill": -142000.0,
        "Net Income From Continuing Operation Net Minority Interest": 14154000.0,
        "Reconciled Depreciation": 13791000.0,
        "Reconciled Cost Of Revenue": 23494000.0,
        "EBITDA": 25008000.0,
        "EBIT": 11217000.0,
        "Net Interest Income": 5664000.0,
        "Interest Income": 5664000.0,
        "Normalized Income": 14260112.0321,
        "Net Income From Continuing And Discontinued Operation": 14154000.0,
        "Total Expenses": 321535000.0,
        "Total Operating Income As Reported": 11217000.0,
        "Diluted Average Shares": 72247000.0,
        "Basic Average Shares": 68559000.0,
        "Diluted EPS": 0.2,
        "Basic EPS": 0.21,
        "Diluted NI Availto Com Stockholders": 14154000.0,
        "Net Income Common Stockholders": 14154000.0,
        "Net Income": 14154000.0,
        "Net Income Including Noncontrolling Interests": 14154000.0,
        "Net Income Continuous Operations": 14154000.0,
        "Tax Provision": 4787000.0,
        "Pretax Income": 18941000.0,
        "Other Income Expense": 2060000.0,
        "Other Non Operating Income Expenses": 2202000.0,
        "Special Income Charges": NaN,
        "Other Special Charges": NaN,
        "Restructuring And Mergern Acquisition": NaN,
        "Gain On Sale Of Security": -142000.0,
        "Net Non Operating Interest Income Expense": 5664000.0,
        "Total Other Finance Cost": NaN,
        "Interest Income Non Operating": 5664000.0,
        "Operating Income": 11217000.0,
        "Operating Expense": 294180000.0,
        "Depreciation Amortization Depletion Income Statement": 9930000.0,
        "Depreciation And Amortization In Income Statement": 9930000.0,
        "Research And Development": 91227000.0,
        "Selling General And Administration": 193023000.0,
        "Selling And Marketing Expense": 147791000.0,
        "General And Administrative Expense": 45232000.0,
        "Other Gand A": 45232000.0,
        "Gross Profit": 305397000.0,
        "Cost Of Revenue": 27355000.0,
        "Total Revenue": 332752000.0,
        "Operating Revenue": 317638000.0
    },
    "2024-06-30": {
        "Tax Effect Of Unusual Items": 730838.502866,
        "Tax Rate For Calcs": 0.240328,
        "Normalized EBITDA": 50092000.0,
        "Total Unusual Items": 3041000.0,
        "Total Unusual Items Excluding Goodwill": 3041000.0,
        "Net Income From Continuing Operation Net Minority Interest": 38036000.0,
        "Reconciled Depreciation": 13386000.0,
        "Reconciled Cost Of Revenue": 26876000.0,
        "EBITDA": 53133000.0,
        "EBIT": 39747000.0,
        "Net Interest Income": 5424000.0,
        "Interest Income": 5424000.0,
        "Normalized Income": 35725838.502866,
        "Net Income From Continuing And Discontinued Operation": 38036000.0,
        "Total Expenses": 317269000.0,
        "Total Operating Income As Reported": 39747000.0,
        "Diluted Average Shares": 70444000.0,
        "Basic Average Shares": 67815000.0,
        "Diluted EPS": 0.54,
        "Basic EPS": 0.56,
        "Diluted NI Availto Com Stockholders": 38036000.0,
        "Net Income Common Stockholders": 38036000.0,
        "Net Income": 38036000.0,
        "Net Income Including Noncontrolling Interests": 38036000.0,
        "Net Income Continuous Operations": 38036000.0,
        "Tax Provision": 12033000.0,
        "Pretax Income": 50069000.0,
        "Other Income Expense": 4898000.0,
        "Other Non Operating Income Expenses": 1857000.0,
        "Special Income Charges": 3102000.0,
        "Other Special Charges": -3102000.0,
        "Restructuring And Mergern Acquisition": NaN,
        "Gain On Sale Of Security": -61000.0,
        "Net Non Operating Interest Income Expense": 5424000.0,
        "Total Other Finance Cost": NaN,
        "Interest Income Non Operating": 5424000.0,
        "Operating Income": 39747000.0,
        "Operating Expense": 286592000.0,
        "Depreciation Amortization Depletion Income Statement": 9585000.0,
        "Depreciation And Amortization In Income Statement": 9585000.0,
        "Research And Development": 82080000.0,
        "Selling General And Administration": 194927000.0,
        "Selling And Marketing Expense": 150293000.0,
        "General And Administrative Expense": 44634000.0,
        "Other Gand A": 44634000.0,
        "Gross Profit": 326339000.0,
        "Cost Of Revenue": 30677000.0,
        "Total Revenue": 357016000.0,
        "Operating Revenue": 341338000.0
    },
    "2024-09-30": {
        "Tax Effect Of Unusual Items": 23501.401184,
        "Tax Rate For Calcs": 0.286602,
        "Normalized EBITDA": 59597000.0,
        "Total Unusual Items": 82000.0,
        "Total Unusual Items Excluding Goodwill": 82000.0,
        "Net Income From Continuing Operation Net Minority Interest": 38440000.0,
        "Reconciled Depreciation": 13027000.0,
        "Reconciled Cost Of Revenue": 28681000.0,
        "EBITDA": 59679000.0,
        "EBIT": 46652000.0,
        "Net Interest Income": 5308000.0,
        "Interest Income": 5308000.0,
        "Normalized Income": 38381501.401184,
        "Net Income From Continuing And Discontinued Operation": 38440000.0,
        "Total Expenses": 313692000.0,
        "Total Operating Income As Reported": 46652000.0,
        "Diluted Average Shares": 69163000.0,
        "Basic Average Shares": 67219000.0,
        "Diluted EPS": 0.56,
        "Basic EPS": 0.57,
        "Diluted NI Availto Com Stockholders": 38440000.0,
        "Net Income Common Stockholders": 38440000.0,
        "Net Income": 38440000.0,
        "Net Income Including Noncontrolling Interests": 38440000.0,
        "Net Income Continuous Operations": 38440000.0,
        "Tax Provision": 15443000.0,
        "Pretax Income": 53883000.0,
        "Other Income Expense": 1923000.0,
        "Other Non Operating Income Expenses": 1841000.0,
        "Special Income Charges": 0.0,
        "Other Special Charges": NaN,
        "Restructuring And Mergern Acquisition": NaN,
        "Gain On Sale Of Security": 82000.0,
        "Net Non Operating Interest Income Expense": 5308000.0,
        "Total Other Finance Cost": NaN,
        "Interest Income Non Operating": 5308000.0,
        "Operating Income": 46652000.0,
        "Operating Expense": 281310000.0,
        "Depreciation Amortization Depletion Income Statement": 9326000.0,
        "Depreciation And Amortization In Income Statement": 9326000.0,
        "Research And Development": 77748000.0,
        "Selling General And Administration": 194236000.0,
        "Selling And Marketing Expense": 144631000.0,
        "General And Administrative Expense": 49605000.0,
        "Other Gand A": 49605000.0,
        "Gross Profit": 327962000.0,
        "Cost Of Revenue": 32382000.0,
        "Total Revenue": 360344000.0,
        "Operating Revenue": 344406000.0
    }
}