{
    "2023-03-31": {
        "Tax Effect Of Unusual Items": NaN,
        "Tax Rate For Calcs": NaN,
        "Normalized EBITDA": NaN,
        "Net Income From Continuing Operation Net Minority Interest": NaN,
        "Reconciled Depreciation": NaN,
        "Reconciled Cost Of Revenue": NaN,
        "EBITDA": NaN,
        "EBIT": NaN,
        "Net Interest Income": NaN,
        "Interest Expense": 594000.0,
        "Normalized Income": NaN,
        "Net Income From Continuing And Discontinued Operation": NaN,
        "Total Expenses": NaN,
        "Total Operating Income As Reported": NaN,
        "Diluted Average Shares": NaN,
        "Basic Average Shares": NaN,
        "Diluted EPS": NaN,
        "Basic EPS": NaN,
        "Diluted NI Availto Com Stockholders": NaN,
        "Net Income Common Stockholders": NaN,
        "Net Income": NaN,
        "Net Income Including Noncontrolling Interests": NaN,
        "Net Income Continuous Operations": NaN,
        "Tax Provision": NaN,
        "Pretax Income": NaN,
        "Other Income Expense": NaN,
        "Other Non Operating Income Expenses": NaN,
        "Net Non Operating Interest Income Expense": NaN,
        "Total Other Finance Cost": NaN,
        "Interest Expense Non Operating": 594000.0,
        "Operating Income": NaN,
        "Operating Expense": NaN,
        "Selling General And Administration": NaN,
        "Gross Profit": NaN,
        "Cost Of Revenue": NaN,
        "Total Revenue": NaN,
        "Operating Revenue": NaN
    },
    "2022-12-31": {
        "Tax Effect Of Unusual Items": NaN,
        "Tax Rate For Calcs": NaN,
        "Normalized EBITDA": NaN,
        "Net Income From Continuing Operation Net Minority Interest": NaN,
        "Reconciled Depreciation": NaN,
        "Reconciled Cost Of Revenue": NaN,
        "EBITDA": NaN,
        "EBIT": NaN,
        "Net Interest Income": NaN,
        "Interest Expense": 1245000.0,
        "Normalized Income": NaN,
        "Net Income From Continuing And Discontinued Operation": NaN,
        "Total Expenses": NaN,
        "Total Operating Income As Reported": NaN,
        "Diluted Average Shares": NaN,
        "Basic Average Shares": NaN,
        "Diluted EPS": NaN,
        "Basic EPS": NaN,
        "Diluted NI Availto Com Stockholders": NaN,
        "Net Income Common Stockholders": NaN,
        "Net Income": NaN,
        "Net Income Including Noncontrolling Interests": NaN,
        "Net Income Continuous Operations": NaN,
        "Tax Provision": NaN,
        "Pretax Income": NaN,
        "Other Income Expense": NaN,
        "Other Non Operating Income Expenses": NaN,
        "Net Non Operating Interest Income Expense": NaN,
        "Total Other Finance Cost": NaN,
        "Interest Expense Non Operating": 1245000.0,
        "Operating Income": NaN,
        "Operating Expense": NaN,
        "Selling General And Administration": NaN,
        "Gross Profit": NaN,
        "Cost Of Revenue": NaN,
        "Total Revenue": NaN,
        "Operating Revenue": NaN
    },
    "2022-09-30": {
        "Tax Effect Of Unusual Items": NaN,
        "Tax Rate For Calcs": NaN,
        "Normalized EBITDA": NaN,
        "Net Income From Continuing Operation Net Minority Interest": NaN,
        "Reconciled Depreciation": NaN,
        "Reconciled Cost Of Revenue": NaN,
        "EBITDA": NaN,
        "EBIT": NaN,
        "Net Interest Income": NaN,
        "Interest Expense": 1495000.0,
        "Normalized Income": NaN,
        "Net Income From Continuing And Discontinued Operation": NaN,
        "Total Expenses": NaN,
        "Total Operating Income As Reported": NaN,
        "Diluted Average Shares": NaN,
        "Basic Average Shares": NaN,
        "Diluted EPS": NaN,
        "Basic EPS": NaN,
        "Diluted NI Availto Com Stockholders": NaN,
        "Net Income Common Stockholders": NaN,
        "Net Income": NaN,
        "Net Income Including Noncontrolling Interests": NaN,
        "Net Income Continuous Operations": NaN,
        "Tax Provision": NaN,
        "Pretax Income": NaN,
        "Other Income Expense": NaN,
        "Other Non Operating Income Expenses": NaN,
        "Net Non Operating Interest Income Expense": NaN,
        "Total Other Finance Cost": NaN,
        "Interest Expense Non Operating": 1495000.0,
        "Operating Income": NaN,
        "Operating Expense": NaN,
        "Selling General And Administration": NaN,
        "Gross Profit": NaN,
        "Cost Of Revenue": NaN,
        "Total Revenue": NaN,
        "Operating Revenue": NaN
    },
    "2022-06-30": {
        "Tax Effect Of Unusual Items": 0.0,
        "Tax Rate For Calcs": 0.248705,
        "Normalized EBITDA": 62523000.0,
        "Net Income From Continuing Operation Net Minority Interest": 46252000.0,
        "Reconciled Depreciation": 9839000.0,
        "Reconciled Cost Of Revenue": 200943000.0,
        "EBITDA": 62523000.0,
        "EBIT": 62523000.0,
        "Net Interest Income": -960000.0,
        "Interest Expense": 960000.0,
        "Normalized Income": 46252000.0,
        "Net Income From Continuing And Discontinued Operation": 46252000.0,
        "Total Expenses": 351696000.0,
        "Total Operating Income As Reported": 68346000.0,
        "Diluted Average Shares": 86860000.0,
        "Basic Average Shares": 86165000.0,
        "Diluted EPS": 0.53,
        "Basic EPS": 0.54,
        "Diluted NI Availto Com Stockholders": 46252000.0,
        "Net Income Common Stockholders": 46252000.0,
        "Net Income": 46252000.0,
        "Net Income Including Noncontrolling Interests": 46252000.0,
        "Net Income Continuous Operations": 46252000.0,
        "Tax Provision": 15311000.0,
        "Pretax Income": 61563000.0,
        "Other Income Expense": -5823000.0,
        "Other Non Operating Income Expenses": -5823000.0,
        "Net Non Operating Interest Income Expense": -960000.0,
        "Interest Expense Non Operating": 960000.0,
        "Operating Income": 68346000.0,
        "Operating Expense": 150753000.0,
        "Selling General And Administration": 150753000.0,
        "Gross Profit": 219099000.0,
        "Cost Of Revenue": 200943000.0,
        "Total Revenue": 420042000.0,
        "Operating Revenue": 420042000.0
    },
    "2022-03-31": {
        "Diluted EPS": 0.29,
        "Total Revenue": 294,
        "Gross Profit": 155,
        "Operating Income": 33,
        "EBIT": 42,
        "Net Income": 26
    },
    "2021-12-31": {
        "Diluted EPS": 0.82,
        "Total Revenue": 443,
        "Gross Profit": 255,
        "Operating Income": 94,
        "EBIT": 103,
        "Net Income": 73
    },
    "2021-09-30": {
        "Diluted EPS": 0.6,
        "Total Revenue": 363,
        "Gross Profit": 207,
        "Operating Income": 69,
        "EBIT": 77,
        "Net Income": 53
    },
    "2021-06-30": {
        "Diluted EPS": 0.63,
        "Total Revenue": 358,
        "Gross Profit": 209,
        "Operating Income": 72,
        "EBIT": 80,
        "Net Income": 56
    },
    "2021-03-31": {
        "Diluted EPS": 0.35,
        "Total Revenue": 248,
        "Gross Profit": 145,
        "Operating Income": 40,
        "EBIT": 48,
        "Net Income": 31
    },
    "2020-12-31": {
        "Diluted EPS": 0.71,
        "Total Revenue": 376,
        "Gross Profit": 225,
        "Operating Income": 81,
        "EBIT": 89,
        "Net Income": 62
    },
    "2020-09-30": {
        "Diluted EPS": 0.58,
        "Total Revenue": 295,
        "Gross Profit": 174,
        "Operating Income": 70,
        "EBIT": 78,
        "Net Income": 51
    },
    "2020-06-30": {
        "Diluted EPS": 0.38,
        "Total Revenue": 247,
        "Gross Profit": 138,
        "Operating Income": 47,
        "EBIT": 54,
        "Net Income": 33
    },
    "2020-03-31": {
        "Diluted EPS": 0.1,
        "Total Revenue": 174,
        "Gross Profit": 92,
        "Operating Income": 16,
        "EBIT": 24,
        "Net Income": 8
    },
    "2019-12-31": {
        "Diluted EPS": 0.04,
        "Total Revenue": 298,
        "Gross Profit": 162,
        "Operating Income": 12,
        "EBIT": 20,
        "Net Income": 5
    },
    "2019-09-30": {
        "Diluted EPS": 0.25,
        "Total Revenue": 229,
        "Gross Profit": 120,
        "Operating Income": 34,
        "EBIT": 42,
        "Net Income": 21
    },
    "2019-06-30": {
        "Diluted EPS": 0.26,
        "Total Revenue": 232,
        "Gross Profit": 116,
        "Operating Income": 35,
        "EBIT": 43,
        "Net Income": 22
    },
    "2019-03-31": {
        "Diluted EPS": 0.03,
        "Total Revenue": 155,
        "Gross Profit": 77,
        "Operating Income": 9,
        "EBIT": 16,
        "Net Income": 2
    },
    "2018-12-31": {
        "Diluted EPS": 0.29,
        "Total Revenue": 241,
        "Gross Profit": 128,
        "Operating Income": 38,
        "EBIT": 45,
        "Net Income": 25
    },
    "2018-09-30": {
        "Diluted EPS": 0.21,
        "Total Revenue": 196,
        "Gross Profit": 98,
        "Operating Income": 28,
        "EBIT": 36,
        "Net Income": 17
    },
    "2018-06-30": {
        "Diluted EPS": 0.23,
        "Total Revenue": 206,
        "Gross Profit": 101,
        "Operating Income": 33,
        "EBIT": 40,
        "Net Income": 19
    },
    "2018-03-31": {
        "Diluted EPS": -0.04,
        "Total Revenue": 135,
        "Gross Profit": 57,
        "Operating Income": 3,
        "EBIT": 10,
        "Net Income": -3
    },
    "2017-12-31": {
        "Diluted EPS": 0.0,
        "Total Revenue": NaN,
        "Gross Profit": NaN,
        "Operating Income": NaN,
        "EBIT": NaN,
        "Net Income": NaN
    },
    "2017-09-30": {
        "Diluted EPS": 0.14,
        "Total Revenue": 183,
        "Gross Profit": 82,
        "Operating Income": 25,
        "EBIT": 31,
        "Net Income": 11
    },
    "2017-06-30": {
        "Diluted EPS": 0.0,
        "Total Revenue": NaN,
        "Gross Profit": NaN,
        "Operating Income": NaN,
        "EBIT": NaN,
        "Net Income": NaN
    },
    "2016-12-31": {
        "Diluted EPS": 0.0,
        "Total Revenue": NaN,
        "Gross Profit": NaN,
        "Operating Income": NaN,
        "EBIT": NaN,
        "Net Income": NaN
    },
    "2015-12-31": {
        "Diluted EPS": 0.0,
        "Total Revenue": NaN,
        "Gross Profit": NaN,
        "Operating Income": NaN,
        "EBIT": NaN,
        "Net Income": NaN
    },
    "2023-06-30": {
        "Tax Effect Of Unusual Items": 0.0,
        "Tax Rate For Calcs": 0.25,
        "Normalized EBITDA": 62126000.0,
        "Net Income From Continuing Operation Net Minority Interest": 38071000.0,
        "Reconciled Depreciation": 11795000.0,
        "Reconciled Cost Of Revenue": 187725000.0,
        "EBITDA": 62126000.0,
        "EBIT": 50331000.0,
        "Net Interest Income": -731000.0,
        "Interest Expense": 731000.0,
        "Normalized Income": 38071000.0,
        "Net Income From Continuing And Discontinued Operation": 38071000.0,
        "Total Expenses": 352232000.0,
        "Total Operating Income As Reported": 50331000.0,
        "Diluted Average Shares": 87196000.0,
        "Basic Average Shares": 86677000.0,
        "Diluted EPS": 0.44,
        "Basic EPS": 0.44,
        "Diluted NI Availto Com Stockholders": 38071000.0,
        "Net Income Common Stockholders": 38071000.0,
        "Net Income": 38071000.0,
        "Net Income Including Noncontrolling Interests": 38071000.0,
        "Net Income Continuous Operations": 38071000.0,
        "Tax Provision": 12773000.0,
        "Pretax Income": 50844000.0,
        "Other Income Expense": 1244000.0,
        "Other Non Operating Income Expenses": 1244000.0,
        "Net Non Operating Interest Income Expense": -731000.0,
        "Total Other Finance Cost": 731000.0,
        "Interest Expense Non Operating": 731000.0,
        "Operating Income": 50331000.0,
        "Operating Expense": 164507000.0,
        "Selling General And Administration": 164507000.0,
        "Gross Profit": 214838000.0,
        "Cost Of Revenue": 187725000.0,
        "Total Revenue": 402563000.0,
        "Operating Revenue": 402563000.0
    },
    "2023-09-30": {
        "Tax Effect Of Unusual Items": 0.0,
        "Tax Rate For Calcs": 0.26,
        "Normalized EBITDA": 73071000.0,
        "Net Income From Continuing Operation Net Minority Interest": 42657000.0,
        "Reconciled Depreciation": 11194000.0,
        "Reconciled Cost Of Revenue": 182310000.0,
        "EBITDA": 73071000.0,
        "EBIT": 61877000.0,
        "Net Interest Income": -285000.0,
        "Interest Expense": 285000.0,
        "Normalized Income": 42657000.0,
        "Net Income From Continuing And Discontinued Operation": 42657000.0,
        "Total Expenses": 371684000.0,
        "Total Operating Income As Reported": 61877000.0,
        "Diluted Average Shares": 87589000.0,
        "Basic Average Shares": 86783000.0,
        "Diluted EPS": 0.49,
        "Basic EPS": 0.49,
        "Diluted NI Availto Com Stockholders": 42657000.0,
        "Net Income Common Stockholders": 42657000.0,
        "Net Income": 42657000.0,
        "Net Income Including Noncontrolling Interests": 42657000.0,
        "Net Income Continuous Operations": 42657000.0,
        "Tax Provision": 14903000.0,
        "Pretax Income": 57560000.0,
        "Other Income Expense": -4032000.0,
        "Other Non Operating Income Expenses": -4032000.0,
        "Net Non Operating Interest Income Expense": -285000.0,
        "Total Other Finance Cost": 285000.0,
        "Interest Expense Non Operating": 285000.0,
        "Operating Income": 61877000.0,
        "Operating Expense": 189374000.0,
        "Selling General And Administration": 189374000.0,
        "Gross Profit": 251251000.0,
        "Cost Of Revenue": 182310000.0,
        "Total Revenue": 433561000.0,
        "Operating Revenue": 433561000.0
    },
    "2023-12-31": {
        "Tax Effect Of Unusual Items": 0.0,
        "Tax Rate For Calcs": 0.237198,
        "Normalized EBITDA": 110195000.0,
        "Net Income From Continuing Operation Net Minority Interest": 78593000.0,
        "Reconciled Depreciation": 12043000.0,
        "Reconciled Cost Of Revenue": 204566000.0,
        "EBITDA": 110195000.0,
        "EBIT": 98152000.0,
        "Net Interest Income": 668000.0,
        "Interest Expense": NaN,
        "Normalized Income": 78593000.0,
        "Net Income From Continuing And Discontinued Operation": 78593000.0,
        "Total Expenses": 421641000.0,
        "Total Operating Income As Reported": 98152000.0,
        "Diluted Average Shares": 87743000.0,
        "Basic Average Shares": 86880000.0,
        "Diluted EPS": 0.9,
        "Basic EPS": 0.9,
        "Diluted NI Availto Com Stockholders": 78593000.0,
        "Net Income Common Stockholders": 78593000.0,
        "Net Income": 78593000.0,
        "Net Income Including Noncontrolling Interests": 78593000.0,
        "Net Income Continuous Operations": 78593000.0,
        "Tax Provision": 24439000.0,
        "Pretax Income": 103032000.0,
        "Other Income Expense": 4212000.0,
        "Other Non Operating Income Expenses": 4212000.0,
        "Net Non Operating Interest Income Expense": 668000.0,
        "Total Other Finance Cost": -668000.0,
        "Interest Expense Non Operating": NaN,
        "Operating Income": 98152000.0,
        "Operating Expense": 217075000.0,
        "Selling General And Administration": 217075000.0,
        "Gross Profit": 315227000.0,
        "Cost Of Revenue": 204566000.0,
        "Total Revenue": 519793000.0,
        "Operating Revenue": 519793000.0
    },
    "2024-03-31": {
        "Tax Effect Of Unusual Items": 0.0,
        "Tax Rate For Calcs": 0.29,
        "Normalized EBITDA": 37291000.0,
        "Net Income From Continuing Operation Net Minority Interest": 15855000.0,
        "Reconciled Depreciation": 11474000.0,
        "Reconciled Cost Of Revenue": 146581000.0,
        "EBITDA": 37291000.0,
        "EBIT": 25817000.0,
        "Net Interest Income": 659000.0,
        "Interest Expense": NaN,
        "Normalized Income": 15855000.0,
        "Net Income From Continuing And Discontinued Operation": 15855000.0,
        "Total Expenses": 315577000.0,
        "Total Operating Income As Reported": 25817000.0,
        "Diluted Average Shares": 87157000.0,
        "Basic Average Shares": 86355000.0,
        "Diluted EPS": 0.18,
        "Basic EPS": 0.18,
        "Diluted NI Availto Com Stockholders": 15855000.0,
        "Net Income Common Stockholders": 15855000.0,
        "Net Income": 15855000.0,
        "Net Income Including Noncontrolling Interests": 15855000.0,
        "Net Income Continuous Operations": 15855000.0,
        "Tax Provision": 6520000.0,
        "Pretax Income": 22375000.0,
        "Other Income Expense": -4101000.0,
        "Other Non Operating Income Expenses": -4101000.0,
        "Net Non Operating Interest Income Expense": 659000.0,
        "Total Other Finance Cost": -659000.0,
        "Interest Expense Non Operating": NaN,
        "Operating Income": 25817000.0,
        "Operating Expense": 168996000.0,
        "Selling General And Administration": 168996000.0,
        "Gross Profit": 194813000.0,
        "Cost Of Revenue": 146581000.0,
        "Total Revenue": 341394000.0,
        "Operating Revenue": 341394000.0
    },
    "2024-06-30": {
        "Tax Effect Of Unusual Items": 0.0,
        "Tax Rate For Calcs": 0.25,
        "Normalized EBITDA": 79505000.0,
        "Net Income From Continuing Operation Net Minority Interest": 50396000.0,
        "Reconciled Depreciation": 12085000.0,
        "Reconciled Cost Of Revenue": 199193000.0,
        "EBITDA": 79505000.0,
        "EBIT": 67420000.0,
        "Net Interest Income": -548000.0,
        "Interest Expense": NaN,
        "Normalized Income": 50396000.0,
        "Net Income From Continuing And Discontinued Operation": 50396000.0,
        "Total Expenses": 396079000.0,
        "Total Operating Income As Reported": 67420000.0,
        "Diluted Average Shares": 85468000.0,
        "Basic Average Shares": 84794000.0,
        "Diluted EPS": 0.59,
        "Basic EPS": 0.59,
        "Diluted NI Availto Com Stockholders": 50396000.0,
        "Net Income Common Stockholders": 50396000.0,
        "Net Income": 50396000.0,
        "Net Income Including Noncontrolling Interests": 50396000.0,
        "Net Income Continuous Operations": 50396000.0,
        "Tax Provision": 16867000.0,
        "Pretax Income": 67263000.0,
        "Other Income Expense": 391000.0,
        "Other Non Operating Income Expenses": 391000.0,
        "Net Non Operating Interest Income Expense": -548000.0,
        "Total Other Finance Cost": 548000.0,
        "Interest Expense Non Operating": NaN,
        "Operating Income": 67420000.0,
        "Operating Expense": 196886000.0,
        "Selling General And Administration": 196886000.0,
        "Gross Profit": 264306000.0,
        "Cost Of Revenue": 199193000.0,
        "Total Revenue": 463499000.0,
        "Operating Revenue": 463499000.0
    }
}