{
    "2023-03-31": {
        "Tax Effect Of Unusual Items": 96621.0,
        "Tax Rate For Calcs": 0.129,
        "Normalized EBITDA": 7774000.0,
        "Total Unusual Items": 749000.0,
        "Total Unusual Items Excluding Goodwill": 749000.0,
        "Net Income From Continuing Operation Net Minority Interest": 3653000.0,
        "Reconciled Depreciation": 2814000.0,
        "Reconciled Cost Of Revenue": 4112000.0,
        "EBITDA": 8523000.0,
        "EBIT": 5709000.0,
        "Net Interest Income": -1513000.0,
        "Interest Expense": 1513000.0,
        "Normalized Income": 3000621.0,
        "Net Income From Continuing And Discontinued Operation": 3653000.0,
        "Total Expenses": 10347000.0,
        "Total Operating Income As Reported": 5418000.0,
        "Diluted Average Shares": 14279703.0,
        "Basic Average Shares": 14275866.0,
        "Diluted EPS": 0.26,
        "Basic EPS": 0.26,
        "Diluted NI Availto Com Stockholders": 3653000.0,
        "Net Income Common Stockholders": 3653000.0,
        "Net Income": 3653000.0,
        "Net Income Including Noncontrolling Interests": 3653000.0,
        "Net Income Continuous Operations": 3653000.0,
        "Tax Provision": 543000.0,
        "Pretax Income": 4196000.0,
        "Other Income Expense": 655000.0,
        "Other Non Operating Income Expenses": -94000.0,
        "Special Income Charges": 749000.0,
        "Other Special Charges": -749000.0,
        "Net Non Operating Interest Income Expense": -1513000.0,
        "Interest Expense Non Operating": 1513000.0,
        "Operating Income": 5054000.0,
        "Operating Expense": 6235000.0,
        "Other Taxes": 391000.0,
        "Depreciation Amortization Depletion Income Statement": 2814000.0,
        "Depreciation And Amortization In Income Statement": 2814000.0,
        "Selling General And Administration": 3030000.0,
        "General And Administrative Expense": 3030000.0,
        "Other Gand A": 2666000.0,
        "Salaries And Wages": 364000.0,
        "Gross Profit": 11289000.0,
        "Cost Of Revenue": 4112000.0,
        "Total Revenue": 15401000.0,
        "Operating Revenue": 15390000.0
    },
    "2022-12-31": {
        "Tax Effect Of Unusual Items": 18758.554031,
        "Tax Rate For Calcs": 0.031316,
        "Normalized EBITDA": 8576000.0,
        "Total Unusual Items": 599000.0,
        "Total Unusual Items Excluding Goodwill": 599000.0,
        "Net Income From Continuing Operation Net Minority Interest": 5011000.0,
        "Reconciled Depreciation": 2594000.0,
        "Reconciled Cost Of Revenue": 4021000.0,
        "EBITDA": 9175000.0,
        "EBIT": 6581000.0,
        "Net Interest Income": -1408000.0,
        "Interest Expense": 1408000.0,
        "Normalized Income": 4430758.554031,
        "Net Income From Continuing And Discontinued Operation": 5011000.0,
        "Total Expenses": 9356000.0,
        "Total Operating Income As Reported": 5755000.0,
        "Diluted Average Shares": NaN,
        "Basic Average Shares": NaN,
        "Diluted EPS": NaN,
        "Basic EPS": NaN,
        "Diluted NI Availto Com Stockholders": 5011000.0,
        "Net Income Common Stockholders": 5011000.0,
        "Net Income": 5011000.0,
        "Net Income Including Noncontrolling Interests": 5011000.0,
        "Net Income Continuous Operations": 5011000.0,
        "Tax Provision": 162000.0,
        "Pretax Income": 5173000.0,
        "Other Income Expense": 826000.0,
        "Other Non Operating Income Expenses": 227000.0,
        "Special Income Charges": 599000.0,
        "Other Special Charges": -599000.0,
        "Net Non Operating Interest Income Expense": -1408000.0,
        "Interest Expense Non Operating": 1408000.0,
        "Operating Income": 5755000.0,
        "Operating Expense": 5335000.0,
        "Other Taxes": 379000.0,
        "Depreciation Amortization Depletion Income Statement": 2594000.0,
        "Depreciation And Amortization In Income Statement": 2594000.0,
        "Selling General And Administration": 2362000.0,
        "General And Administrative Expense": 2362000.0,
        "Other Gand A": 2362000.0,
        "Salaries And Wages": NaN,
        "Gross Profit": 11090000.0,
        "Cost Of Revenue": 4021000.0,
        "Total Revenue": 15111000.0,
        "Operating Revenue": 15108000.0
    },
    "2022-09-30": {
        "Tax Effect Of Unusual Items": 152800.0,
        "Tax Rate For Calcs": 0.4,
        "Normalized EBITDA": 8993000.0,
        "Total Unusual Items": 382000.0,
        "Total Unusual Items Excluding Goodwill": 382000.0,
        "Net Income From Continuing Operation Net Minority Interest": 5681000.0,
        "Reconciled Depreciation": 2572000.0,
        "Reconciled Cost Of Revenue": 3746000.0,
        "EBITDA": 9375000.0,
        "EBIT": 6803000.0,
        "Net Interest Income": -1204000.0,
        "Interest Expense": 1204000.0,
        "Normalized Income": 5451800.0,
        "Net Income From Continuing And Discontinued Operation": 5681000.0,
        "Total Expenses": 8955000.0,
        "Total Operating Income As Reported": 6856000.0,
        "Diluted Average Shares": 14255273.0,
        "Basic Average Shares": 14254570.0,
        "Diluted EPS": 0.4,
        "Basic EPS": 0.4,
        "Diluted NI Availto Com Stockholders": 5681000.0,
        "Net Income Common Stockholders": 5681000.0,
        "Net Income": 5681000.0,
        "Net Income Including Noncontrolling Interests": 5681000.0,
        "Net Income Continuous Operations": 5681000.0,
        "Tax Provision": -82000.0,
        "Pretax Income": 5599000.0,
        "Other Income Expense": -53000.0,
        "Other Non Operating Income Expenses": -435000.0,
        "Special Income Charges": 382000.0,
        "Other Special Charges": -382000.0,
        "Net Non Operating Interest Income Expense": -1204000.0,
        "Interest Expense Non Operating": 1204000.0,
        "Operating Income": 6856000.0,
        "Operating Expense": 5209000.0,
        "Other Taxes": 309000.0,
        "Depreciation Amortization Depletion Income Statement": 2572000.0,
        "Depreciation And Amortization In Income Statement": 2572000.0,
        "Selling General And Administration": 2328000.0,
        "General And Administrative Expense": 2328000.0,
        "Other Gand A": 2328000.0,
        "Salaries And Wages": NaN,
        "Gross Profit": 12065000.0,
        "Cost Of Revenue": 3746000.0,
        "Total Revenue": 15811000.0,
        "Operating Revenue": 15805000.0
    },
    "2022-06-30": {
        "Tax Effect Of Unusual Items": 7200.0,
        "Tax Rate For Calcs": 0.032,
        "Normalized EBITDA": 8668000.0,
        "Total Unusual Items": 225000.0,
        "Total Unusual Items Excluding Goodwill": 225000.0,
        "Net Income From Continuing Operation Net Minority Interest": 5029000.0,
        "Reconciled Depreciation": 2493000.0,
        "Reconciled Cost Of Revenue": 2915000.0,
        "EBITDA": 8893000.0,
        "EBIT": 6400000.0,
        "Net Interest Income": -1205000.0,
        "Interest Expense": 1205000.0,
        "Normalized Income": 4811200.0,
        "Net Income From Continuing And Discontinued Operation": 5029000.0,
        "Total Expenses": 8325000.0,
        "Total Operating Income As Reported": 6574000.0,
        "Diluted Average Shares": 14189702.0,
        "Basic Average Shares": 14188579.0,
        "Diluted EPS": 0.36,
        "Basic EPS": 0.36,
        "Diluted NI Availto Com Stockholders": 5029000.0,
        "Net Income Common Stockholders": 5029000.0,
        "Net Income": 5029000.0,
        "Net Income Including Noncontrolling Interests": 5029000.0,
        "Net Income Continuous Operations": 5029000.0,
        "Tax Provision": 166000.0,
        "Pretax Income": 5195000.0,
        "Other Income Expense": -174000.0,
        "Other Non Operating Income Expenses": -399000.0,
        "Special Income Charges": 225000.0,
        "Other Special Charges": -225000.0,
        "Net Non Operating Interest Income Expense": -1205000.0,
        "Interest Expense Non Operating": 1205000.0,
        "Operating Income": 6574000.0,
        "Operating Expense": 5410000.0,
        "Other Taxes": 338000.0,
        "Depreciation Amortization Depletion Income Statement": 2493000.0,
        "Depreciation And Amortization In Income Statement": 2493000.0,
        "Selling General And Administration": 2579000.0,
        "General And Administrative Expense": 2579000.0,
        "Other Gand A": 2579000.0,
        "Salaries And Wages": NaN,
        "Gross Profit": 11984000.0,
        "Cost Of Revenue": 2915000.0,
        "Total Revenue": 14899000.0,
        "Operating Revenue": 14894000.0
    },
    "2023-06-30": {
        "Tax Effect Of Unusual Items": 83556.0,
        "Tax Rate For Calcs": 0.099,
        "Normalized EBITDA": 11090000.0,
        "Total Unusual Items": 844000.0,
        "Total Unusual Items Excluding Goodwill": 844000.0,
        "Net Income From Continuing Operation Net Minority Interest": 6524000.0,
        "Reconciled Depreciation": 3019000.0,
        "Reconciled Cost Of Revenue": 4105000.0,
        "EBITDA": 11934000.0,
        "EBIT": 8915000.0,
        "Net Interest Income": -1678000.0,
        "Interest Expense": 1678000.0,
        "Normalized Income": 5763556.0,
        "Net Income From Continuing And Discontinued Operation": 6524000.0,
        "Total Expenses": 10490000.0,
        "Total Operating Income As Reported": 8516000.0,
        "Diluted Average Shares": 14289835.0,
        "Basic Average Shares": 14288605.0,
        "Diluted EPS": 0.45,
        "Basic EPS": 0.45,
        "Diluted NI Availto Com Stockholders": 6524000.0,
        "Net Income Common Stockholders": 6524000.0,
        "Net Income": 6524000.0,
        "Net Income Including Noncontrolling Interests": 6524000.0,
        "Net Income Continuous Operations": 6524000.0,
        "Tax Provision": 713000.0,
        "Pretax Income": 7237000.0,
        "Other Income Expense": 638000.0,
        "Other Non Operating Income Expenses": -206000.0,
        "Special Income Charges": 844000.0,
        "Other Special Charges": -844000.0,
        "Net Non Operating Interest Income Expense": -1678000.0,
        "Interest Expense Non Operating": 1678000.0,
        "Operating Income": 8277000.0,
        "Operating Expense": 6385000.0,
        "Other Taxes": 370000.0,
        "Depreciation Amortization Depletion Income Statement": 3019000.0,
        "Depreciation And Amortization In Income Statement": 3019000.0,
        "Selling General And Administration": 2996000.0,
        "General And Administrative Expense": 2996000.0,
        "Other Gand A": 2757000.0,
        "Salaries And Wages": 239000.0,
        "Gross Profit": 14662000.0,
        "Cost Of Revenue": 4105000.0,
        "Total Revenue": 18767000.0,
        "Operating Revenue": 18754000.0
    },
    "2022-03-31": {
        "Diluted EPS": 0.29,
        "Total Revenue": 14,
        "Gross Profit": 14,
        "Operating Income": 5,
        "EBIT": 8,
        "Net Income": 4
    },
    "2021-12-31": {
        "Diluted EPS": 0.31,
        "Total Revenue": 14,
        "Gross Profit": 14,
        "Operating Income": 5,
        "EBIT": 8,
        "Net Income": 4
    },
    "2021-09-30": {
        "Diluted EPS": 0.36,
        "Total Revenue": 15,
        "Gross Profit": 15,
        "Operating Income": 7,
        "EBIT": 9,
        "Net Income": 5
    },
    "2021-06-30": {
        "Diluted EPS": 0.35,
        "Total Revenue": 14,
        "Gross Profit": 14,
        "Operating Income": 6,
        "EBIT": 8,
        "Net Income": 4
    },
    "2021-03-31": {
        "Diluted EPS": 0.28,
        "Total Revenue": 13,
        "Gross Profit": 13,
        "Operating Income": 5,
        "EBIT": 8,
        "Net Income": 4
    },
    "2020-12-31": {
        "Diluted EPS": 0.28,
        "Total Revenue": 13,
        "Gross Profit": 13,
        "Operating Income": 6,
        "EBIT": 8,
        "Net Income": 4
    },
    "2020-09-30": {
        "Diluted EPS": 0.36,
        "Total Revenue": 14,
        "Gross Profit": 14,
        "Operating Income": 7,
        "EBIT": 9,
        "Net Income": 5
    },
    "2020-06-30": {
        "Diluted EPS": 0.32,
        "Total Revenue": 13,
        "Gross Profit": 13,
        "Operating Income": 6,
        "EBIT": 8,
        "Net Income": 4
    },
    "2020-03-31": {
        "Diluted EPS": 0.31,
        "Total Revenue": 13,
        "Gross Profit": 13,
        "Operating Income": 6,
        "EBIT": 8,
        "Net Income": 4
    },
    "2019-12-31": {
        "Diluted EPS": 0.26,
        "Total Revenue": 13,
        "Gross Profit": 13,
        "Operating Income": 6,
        "EBIT": 8,
        "Net Income": 3
    },
    "2019-09-30": {
        "Diluted EPS": 0.35,
        "Total Revenue": 14,
        "Gross Profit": 14,
        "Operating Income": 7,
        "EBIT": 9,
        "Net Income": 4
    },
    "2019-06-30": {
        "Diluted EPS": 0.28,
        "Total Revenue": 13,
        "Gross Profit": 13,
        "Operating Income": 6,
        "EBIT": 8,
        "Net Income": 4
    },
    "2019-03-31": {
        "Diluted EPS": 0.22,
        "Total Revenue": 12,
        "Gross Profit": 12,
        "Operating Income": 5,
        "EBIT": 7,
        "Net Income": 3
    },
    "2018-12-31": {
        "Diluted EPS": 0.29,
        "Total Revenue": 12,
        "Gross Profit": 12,
        "Operating Income": 6,
        "EBIT": 7,
        "Net Income": 4
    },
    "2018-09-30": {
        "Diluted EPS": 0.29,
        "Total Revenue": 13,
        "Gross Profit": 13,
        "Operating Income": 6,
        "EBIT": 8,
        "Net Income": 4
    },
    "2018-06-30": {
        "Diluted EPS": 0.26,
        "Total Revenue": 12,
        "Gross Profit": 12,
        "Operating Income": 5,
        "EBIT": 7,
        "Net Income": 3
    },
    "2018-03-31": {
        "Diluted EPS": 0.2,
        "Total Revenue": 12,
        "Gross Profit": 12,
        "Operating Income": 5,
        "EBIT": 7,
        "Net Income": 3
    },
    "2017-12-31": {
        "Diluted EPS": 0.27,
        "Total Revenue": 12,
        "Gross Profit": 12,
        "Operating Income": 6,
        "EBIT": 8,
        "Net Income": 4
    },
    "2017-09-30": {
        "Diluted EPS": 0.31,
        "Total Revenue": 13,
        "Gross Profit": 13,
        "Operating Income": 6,
        "EBIT": 8,
        "Net Income": 4
    },
    "2017-06-30": {
        "Diluted EPS": 0.23,
        "Total Revenue": 12,
        "Gross Profit": 12,
        "Operating Income": 6,
        "EBIT": 8,
        "Net Income": 3
    },
    "2017-03-31": {
        "Diluted EPS": 0.2,
        "Total Revenue": 11,
        "Gross Profit": 11,
        "Operating Income": 5,
        "EBIT": 7,
        "Net Income": 3
    },
    "2016-12-31": {
        "Diluted EPS": 0.23,
        "Total Revenue": 12,
        "Gross Profit": 12,
        "Operating Income": 6,
        "EBIT": 7,
        "Net Income": 3
    },
    "2016-09-30": {
        "Diluted EPS": 0.27,
        "Total Revenue": 13,
        "Gross Profit": 13,
        "Operating Income": 6,
        "EBIT": 8,
        "Net Income": 4
    },
    "2016-06-30": {
        "Diluted EPS": 0.23,
        "Total Revenue": 12,
        "Gross Profit": 12,
        "Operating Income": 6,
        "EBIT": 7,
        "Net Income": 3
    },
    "2016-03-31": {
        "Diluted EPS": 0.19,
        "Total Revenue": 11,
        "Gross Profit": 11,
        "Operating Income": 5,
        "EBIT": 7,
        "Net Income": 2
    },
    "2015-12-31": {
        "Diluted EPS": 0.27,
        "Total Revenue": 12,
        "Gross Profit": 12,
        "Operating Income": 5,
        "EBIT": 7,
        "Net Income": 4
    },
    "2015-09-30": {
        "Diluted EPS": 0.28,
        "Total Revenue": 12,
        "Gross Profit": 12,
        "Operating Income": 6,
        "EBIT": 8,
        "Net Income": 4
    },
    "2015-06-30": {
        "Diluted EPS": 0.22,
        "Total Revenue": 12,
        "Gross Profit": 12,
        "Operating Income": 6,
        "EBIT": 7,
        "Net Income": 3
    },
    "2015-03-31": {
        "Diluted EPS": 0.2,
        "Total Revenue": 11,
        "Gross Profit": 11,
        "Operating Income": 5,
        "EBIT": 7,
        "Net Income": 3
    },
    "2014-12-31": {
        "Diluted EPS": 0.28,
        "Total Revenue": 11,
        "Gross Profit": 11,
        "Operating Income": 5,
        "EBIT": 7,
        "Net Income": 4
    },
    "2014-09-30": {
        "Diluted EPS": 0.23,
        "Total Revenue": 12,
        "Gross Profit": 12,
        "Operating Income": 6,
        "EBIT": 8,
        "Net Income": 3
    },
    "2014-06-30": {
        "Diluted EPS": 0.22,
        "Total Revenue": 12,
        "Gross Profit": 12,
        "Operating Income": 6,
        "EBIT": 7,
        "Net Income": 3
    },
    "2014-03-31": {
        "Diluted EPS": 0.16,
        "Total Revenue": 11,
        "Gross Profit": 11,
        "Operating Income": 5,
        "EBIT": 6,
        "Net Income": 2
    },
    "2013-12-31": {
        "Diluted EPS": 0.21,
        "Total Revenue": 11,
        "Gross Profit": 11,
        "Operating Income": 5,
        "EBIT": 7,
        "Net Income": 3
    },
    "2013-09-30": {
        "Diluted EPS": 0.19,
        "Total Revenue": 11,
        "Gross Profit": 11,
        "Operating Income": 5,
        "EBIT": 7,
        "Net Income": 3
    },
    "2013-06-30": {
        "Diluted EPS": 0.18,
        "Total Revenue": 11,
        "Gross Profit": 11,
        "Operating Income": 5,
        "EBIT": 7,
        "Net Income": 2
    },
    "2013-03-31": {
        "Diluted EPS": 0.17,
        "Total Revenue": 10,
        "Gross Profit": 10,
        "Operating Income": 5,
        "EBIT": 6,
        "Net Income": 2
    },
    "2012-12-31": {
        "Diluted EPS": 0.18,
        "Total Revenue": 10,
        "Gross Profit": 10,
        "Operating Income": 5,
        "EBIT": 7,
        "Net Income": 2
    },
    "2012-09-30": {
        "Diluted EPS": 0.22,
        "Total Revenue": 11,
        "Gross Profit": 11,
        "Operating Income": 6,
        "EBIT": 7,
        "Net Income": 3
    },
    "2012-06-30": {
        "Diluted EPS": 0.17,
        "Total Revenue": 10,
        "Gross Profit": 10,
        "Operating Income": 5,
        "EBIT": 6,
        "Net Income": 2
    },
    "2012-03-31": {
        "Diluted EPS": 0.15,
        "Total Revenue": 10,
        "Gross Profit": 10,
        "Operating Income": 4,
        "EBIT": 6,
        "Net Income": 2
    },
    "2011-12-31": {
        "Diluted EPS": 0.16,
        "Total Revenue": 10,
        "Gross Profit": 10,
        "Operating Income": 5,
        "EBIT": 6,
        "Net Income": 2
    },
    "2011-09-30": {
        "Diluted EPS": 0.19,
        "Total Revenue": 10,
        "Gross Profit": 10,
        "Operating Income": 5,
        "EBIT": 7,
        "Net Income": 2
    },
    "2011-06-30": {
        "Diluted EPS": 0.19,
        "Total Revenue": 10,
        "Gross Profit": 10,
        "Operating Income": 5,
        "EBIT": 6,
        "Net Income": 2
    },
    "2011-03-31": {
        "Diluted EPS": 0.17,
        "Total Revenue": 10,
        "Gross Profit": 10,
        "Operating Income": 5,
        "EBIT": 6,
        "Net Income": 2
    },
    "2010-12-31": {
        "Diluted EPS": 0.17,
        "Total Revenue": 10,
        "Gross Profit": 10,
        "Operating Income": 5,
        "EBIT": 6,
        "Net Income": 2
    },
    "2010-09-30": {
        "Diluted EPS": 0.21,
        "Total Revenue": 10,
        "Gross Profit": 10,
        "Operating Income": 6,
        "EBIT": 7,
        "Net Income": 3
    },
    "2010-06-30": {
        "Diluted EPS": 0.18,
        "Total Revenue": 10,
        "Gross Profit": 10,
        "Operating Income": 5,
        "EBIT": 6,
        "Net Income": 2
    },
    "2010-03-31": {
        "Diluted EPS": 0.15,
        "Total Revenue": 9,
        "Gross Profit": 9,
        "Operating Income": 4,
        "EBIT": 5,
        "Net Income": 2
    },
    "2009-12-31": {
        "Diluted EPS": 0.16,
        "Total Revenue": 9,
        "Gross Profit": 9,
        "Operating Income": 4,
        "EBIT": 5,
        "Net Income": 2
    },
    "2009-09-30": {
        "Diluted EPS": 0.18,
        "Total Revenue": 10,
        "Gross Profit": 10,
        "Operating Income": 5,
        "EBIT": 6,
        "Net Income": 2
    },
    "2009-06-30": {
        "Diluted EPS": 0.17,
        "Total Revenue": 9,
        "Gross Profit": 9,
        "Operating Income": 4,
        "EBIT": 6,
        "Net Income": 2
    },
    "2009-03-31": {
        "Diluted EPS": 0.13,
        "Total Revenue": 9,
        "Gross Profit": 9,
        "Operating Income": 4,
        "EBIT": 5,
        "Net Income": 1
    },
    "2023-09-30": {
        "Tax Effect Of Unusual Items": 237510.0,
        "Tax Rate For Calcs": 0.21,
        "Normalized EBITDA": 11070000.0,
        "Total Unusual Items": 1131000.0,
        "Total Unusual Items Excluding Goodwill": 1131000.0,
        "Net Income From Continuing Operation Net Minority Interest": 7568000.0,
        "Reconciled Depreciation": 2944000.0,
        "Reconciled Cost Of Revenue": 4471000.0,
        "EBITDA": 12201000.0,
        "EBIT": 9257000.0,
        "Net Interest Income": -1850000.0,
        "Interest Expense": 1850000.0,
        "Normalized Income": 6674510.0,
        "Net Income From Continuing And Discontinued Operation": 7568000.0,
        "Total Expenses": 10573000.0,
        "Total Operating Income As Reported": 8433000.0,
        "Diluted Average Shares": 14301829.0,
        "Basic Average Shares": 14300995.0,
        "Diluted EPS": 0.53,
        "Basic EPS": 0.53,
        "Diluted NI Availto Com Stockholders": 7568000.0,
        "Net Income Common Stockholders": 7568000.0,
        "Net Income": 7568000.0,
        "Net Income Including Noncontrolling Interests": 7568000.0,
        "Net Income Continuous Operations": 7568000.0,
        "Tax Provision": -161000.0,
        "Pretax Income": 7407000.0,
        "Other Income Expense": 1063000.0,
        "Other Non Operating Income Expenses": -68000.0,
        "Special Income Charges": 1131000.0,
        "Other Special Charges": -1131000.0,
        "Net Non Operating Interest Income Expense": -1850000.0,
        "Interest Expense Non Operating": 1850000.0,
        "Operating Income": 8194000.0,
        "Operating Expense": 6102000.0,
        "Other Taxes": 314000.0,
        "Depreciation Amortization Depletion Income Statement": 2944000.0,
        "Depreciation And Amortization In Income Statement": 2944000.0,
        "Selling General And Administration": 2844000.0,
        "General And Administrative Expense": 2844000.0,
        "Other Gand A": 2605000.0,
        "Salaries And Wages": 239000.0,
        "Gross Profit": 14296000.0,
        "Cost Of Revenue": 4471000.0,
        "Total Revenue": 18767000.0,
        "Operating Revenue": 18753000.0
    },
    "2023-12-31": {
        "Tax Effect Of Unusual Items": 41988.698741,
        "Tax Rate For Calcs": 0.029383,
        "Normalized EBITDA": 9740000.0,
        "Total Unusual Items": 1429000.0,
        "Total Unusual Items Excluding Goodwill": 1429000.0,
        "Net Income From Continuing Operation Net Minority Interest": 6012000.0,
        "Reconciled Depreciation": 2969000.0,
        "Reconciled Cost Of Revenue": 4674000.0,
        "EBITDA": 11169000.0,
        "EBIT": 8200000.0,
        "Net Interest Income": -2006000.0,
        "Interest Expense": 2006000.0,
        "Normalized Income": 4624988.698741,
        "Net Income From Continuing And Discontinued Operation": 6012000.0,
        "Total Expenses": 11172000.0,
        "Total Operating Income As Reported": 7164000.0,
        "Diluted Average Shares": NaN,
        "Basic Average Shares": NaN,
        "Diluted EPS": NaN,
        "Basic EPS": NaN,
        "Diluted NI Availto Com Stockholders": 6012000.0,
        "Net Income Common Stockholders": 6012000.0,
        "Net Income": 6012000.0,
        "Net Income Including Noncontrolling Interests": 6012000.0,
        "Net Income Continuous Operations": 6012000.0,
        "Tax Provision": 182000.0,
        "Pretax Income": 6194000.0,
        "Other Income Expense": 1276000.0,
        "Other Non Operating Income Expenses": -153000.0,
        "Special Income Charges": 1429000.0,
        "Other Special Charges": -1429000.0,
        "Net Non Operating Interest Income Expense": -2006000.0,
        "Interest Expense Non Operating": 2006000.0,
        "Operating Income": 6924000.0,
        "Operating Expense": 6498000.0,
        "Other Taxes": 424000.0,
        "Depreciation Amortization Depletion Income Statement": 2969000.0,
        "Depreciation And Amortization In Income Statement": 2969000.0,
        "Selling General And Administration": 3105000.0,
        "General And Administrative Expense": 3105000.0,
        "Other Gand A": 2865000.0,
        "Salaries And Wages": 240000.0,
        "Gross Profit": 13422000.0,
        "Cost Of Revenue": 4674000.0,
        "Total Revenue": 18096000.0,
        "Operating Revenue": 18084000.0
    },
    "2024-03-31": {
        "Tax Effect Of Unusual Items": 138348.0,
        "Tax Rate For Calcs": 0.122,
        "Normalized EBITDA": 9001000.0,
        "Total Unusual Items": 1134000.0,
        "Total Unusual Items Excluding Goodwill": 1134000.0,
        "Net Income From Continuing Operation Net Minority Interest": 4327000.0,
        "Reconciled Depreciation": 3083000.0,
        "Reconciled Cost Of Revenue": 4812000.0,
        "EBITDA": 10135000.0,
        "EBIT": 7052000.0,
        "Net Interest Income": -2123000.0,
        "Interest Expense": 2123000.0,
        "Normalized Income": 3331348.0,
        "Net Income From Continuing And Discontinued Operation": 4327000.0,
        "Total Expenses": 11643000.0,
        "Total Operating Income As Reported": 6215000.0,
        "Diluted Average Shares": 14327706.0,
        "Basic Average Shares": 14324879.0,
        "Diluted EPS": 0.3,
        "Basic EPS": 0.3,
        "Diluted NI Availto Com Stockholders": 4327000.0,
        "Net Income Common Stockholders": 4327000.0,
        "Net Income": 4327000.0,
        "Net Income Including Noncontrolling Interests": 4327000.0,
        "Net Income Continuous Operations": 4327000.0,
        "Tax Provision": 602000.0,
        "Pretax Income": 4929000.0,
        "Other Income Expense": 1067000.0,
        "Other Non Operating Income Expenses": -67000.0,
        "Special Income Charges": 1134000.0,
        "Other Special Charges": -1134000.0,
        "Net Non Operating Interest Income Expense": -2123000.0,
        "Interest Expense Non Operating": 2123000.0,
        "Operating Income": 5985000.0,
        "Operating Expense": 6831000.0,
        "Other Taxes": 444000.0,
        "Depreciation Amortization Depletion Income Statement": 3083000.0,
        "Depreciation And Amortization In Income Statement": 3083000.0,
        "Selling General And Administration": 3304000.0,
        "General And Administrative Expense": 3304000.0,
        "Other Gand A": 3074000.0,
        "Salaries And Wages": 230000.0,
        "Gross Profit": 12816000.0,
        "Cost Of Revenue": 4812000.0,
        "Total Revenue": 17628000.0,
        "Operating Revenue": 17621000.0
    }
}