{
    "2023-03-31": {
        "Tax Effect Of Unusual Items": NaN,
        "Tax Rate For Calcs": NaN,
        "Normalized EBITDA": NaN,
        "Net Income From Continuing Operation Net Minority Interest": NaN,
        "Reconciled Depreciation": NaN,
        "Reconciled Cost Of Revenue": NaN,
        "EBITDA": NaN,
        "EBIT": NaN,
        "Net Interest Income": NaN,
        "Interest Income": 6392000.0,
        "Normalized Income": NaN,
        "Net Income From Continuing And Discontinued Operation": NaN,
        "Total Expenses": NaN,
        "Total Operating Income As Reported": NaN,
        "Diluted Average Shares": 90522025.0,
        "Basic Average Shares": 90522025.0,
        "Diluted EPS": -0.06,
        "Basic EPS": -0.06,
        "Diluted NI Availto Com Stockholders": NaN,
        "Net Income Common Stockholders": NaN,
        "Net Income": NaN,
        "Minority Interests": NaN,
        "Net Income Including Noncontrolling Interests": NaN,
        "Net Income Continuous Operations": NaN,
        "Tax Provision": NaN,
        "Pretax Income": NaN,
        "Other Income Expense": NaN,
        "Other Non Operating Income Expenses": NaN,
        "Net Non Operating Interest Income Expense": NaN,
        "Total Other Finance Cost": -6392000.0,
        "Interest Income Non Operating": 6392000.0,
        "Operating Income": NaN,
        "Operating Expense": NaN,
        "Depreciation Amortization Depletion Income Statement": NaN,
        "Depreciation And Amortization In Income Statement": NaN,
        "Research And Development": NaN,
        "Selling General And Administration": NaN,
        "Selling And Marketing Expense": NaN,
        "General And Administrative Expense": NaN,
        "Other Gand A": NaN,
        "Gross Profit": NaN,
        "Cost Of Revenue": NaN,
        "Total Revenue": NaN,
        "Operating Revenue": NaN
    },
    "2022-12-31": {
        "Tax Effect Of Unusual Items": 0.0,
        "Tax Rate For Calcs": 0.082237,
        "Normalized EBITDA": -26461000.0,
        "Net Income From Continuing Operation Net Minority Interest": -11327000.0,
        "Reconciled Depreciation": 5550000.0,
        "Reconciled Cost Of Revenue": 46644000.0,
        "EBITDA": -26461000.0,
        "EBIT": -32011000.0,
        "Net Interest Income": 4756000.0,
        "Interest Income": NaN,
        "Normalized Income": -11327000.0,
        "Net Income From Continuing And Discontinued Operation": -11327000.0,
        "Total Expenses": 160264000.0,
        "Total Operating Income As Reported": -32011000.0,
        "Diluted Average Shares": NaN,
        "Basic Average Shares": NaN,
        "Diluted EPS": NaN,
        "Basic EPS": NaN,
        "Diluted NI Availto Com Stockholders": -11327000.0,
        "Net Income Common Stockholders": -11327000.0,
        "Net Income": -11327000.0,
        "Minority Interests": 7433000.0,
        "Net Income Including Noncontrolling Interests": -18760000.0,
        "Net Income Continuous Operations": -18760000.0,
        "Tax Provision": -1681000.0,
        "Pretax Income": -20441000.0,
        "Other Income Expense": 6814000.0,
        "Other Non Operating Income Expenses": 6814000.0,
        "Net Non Operating Interest Income Expense": 4756000.0,
        "Total Other Finance Cost": NaN,
        "Interest Income Non Operating": NaN,
        "Operating Income": -32011000.0,
        "Operating Expense": 113619000.0,
        "Depreciation Amortization Depletion Income Statement": 5549000.0,
        "Depreciation And Amortization In Income Statement": 5549000.0,
        "Research And Development": 20446000.0,
        "Selling General And Administration": 87624000.0,
        "Selling And Marketing Expense": 11958000.0,
        "General And Administrative Expense": 75666000.0,
        "Other Gand A": 75666000.0,
        "Gross Profit": 81608000.0,
        "Cost Of Revenue": 46645000.0,
        "Total Revenue": 128253000.0,
        "Operating Revenue": 128253000.0
    },
    "2022-09-30": {
        "Tax Effect Of Unusual Items": NaN,
        "Tax Rate For Calcs": NaN,
        "Normalized EBITDA": NaN,
        "Net Income From Continuing Operation Net Minority Interest": NaN,
        "Reconciled Depreciation": NaN,
        "Reconciled Cost Of Revenue": NaN,
        "EBITDA": NaN,
        "EBIT": NaN,
        "Net Interest Income": NaN,
        "Interest Income": NaN,
        "Normalized Income": NaN,
        "Net Income From Continuing And Discontinued Operation": NaN,
        "Total Expenses": NaN,
        "Total Operating Income As Reported": NaN,
        "Diluted Average Shares": 83449155.0,
        "Basic Average Shares": 83449155.0,
        "Diluted EPS": -0.44,
        "Basic EPS": -0.44,
        "Diluted NI Availto Com Stockholders": NaN,
        "Net Income Common Stockholders": NaN,
        "Net Income": NaN,
        "Minority Interests": NaN,
        "Net Income Including Noncontrolling Interests": NaN,
        "Net Income Continuous Operations": NaN,
        "Tax Provision": NaN,
        "Pretax Income": NaN,
        "Other Income Expense": NaN,
        "Other Non Operating Income Expenses": NaN,
        "Net Non Operating Interest Income Expense": NaN,
        "Total Other Finance Cost": -1636000.0,
        "Interest Income Non Operating": NaN,
        "Operating Income": NaN,
        "Operating Expense": NaN,
        "Depreciation Amortization Depletion Income Statement": NaN,
        "Depreciation And Amortization In Income Statement": NaN,
        "Research And Development": NaN,
        "Selling General And Administration": NaN,
        "Selling And Marketing Expense": NaN,
        "General And Administrative Expense": NaN,
        "Other Gand A": NaN,
        "Gross Profit": NaN,
        "Cost Of Revenue": NaN,
        "Total Revenue": NaN,
        "Operating Revenue": NaN
    },
    "2022-06-30": {
        "Tax Effect Of Unusual Items": 0.0,
        "Tax Rate For Calcs": 0.0119,
        "Normalized EBITDA": -8793000.0,
        "Net Income From Continuing Operation Net Minority Interest": -7155000.0,
        "Reconciled Depreciation": 4329000.0,
        "Reconciled Cost Of Revenue": 37625000.0,
        "EBITDA": -8793000.0,
        "EBIT": -13122000.0,
        "Net Interest Income": 187000.0,
        "Interest Income": 187000.0,
        "Normalized Income": -7155000.0,
        "Net Income From Continuing And Discontinued Operation": -7155000.0,
        "Total Expenses": 115845000.0,
        "Total Operating Income As Reported": -13122000.0,
        "Diluted Average Shares": 79420204.0,
        "Basic Average Shares": 79420204.0,
        "Diluted EPS": -0.09,
        "Basic EPS": -0.09,
        "Diluted NI Availto Com Stockholders": -7155000.0,
        "Net Income Common Stockholders": -7155000.0,
        "Net Income": -7155000.0,
        "Minority Interests": 5168000.0,
        "Net Income Including Noncontrolling Interests": -12323000.0,
        "Net Income Continuous Operations": -12323000.0,
        "Tax Provision": -147000.0,
        "Pretax Income": -12470000.0,
        "Other Income Expense": 465000.0,
        "Other Non Operating Income Expenses": 465000.0,
        "Net Non Operating Interest Income Expense": 187000.0,
        "Total Other Finance Cost": NaN,
        "Interest Income Non Operating": 187000.0,
        "Operating Income": -13122000.0,
        "Operating Expense": 78219000.0,
        "Depreciation Amortization Depletion Income Statement": 4328000.0,
        "Depreciation And Amortization In Income Statement": 4328000.0,
        "Research And Development": 14333000.0,
        "Selling General And Administration": 59558000.0,
        "Selling And Marketing Expense": 11365000.0,
        "General And Administrative Expense": 48193000.0,
        "Other Gand A": 48193000.0,
        "Gross Profit": 65097000.0,
        "Cost Of Revenue": 37626000.0,
        "Total Revenue": 102723000.0,
        "Operating Revenue": 102723000.0
    },
    "2023-06-30": {
        "Tax Effect Of Unusual Items": 0.0,
        "Tax Rate For Calcs": 0.026,
        "Normalized EBITDA": 5206000.0,
        "Net Income From Continuing Operation Net Minority Interest": 4011000.0,
        "Reconciled Depreciation": 4989000.0,
        "Reconciled Cost Of Revenue": 55423000.0,
        "EBITDA": 5206000.0,
        "EBIT": 217000.0,
        "Net Interest Income": 7394000.0,
        "Interest Income": 7394000.0,
        "Normalized Income": 4011000.0,
        "Net Income From Continuing And Discontinued Operation": 4011000.0,
        "Total Expenses": 149654000.0,
        "Total Operating Income As Reported": 217000.0,
        "Diluted Average Shares": 90372444.0,
        "Basic Average Shares": 89569933.0,
        "Diluted EPS": 0.04,
        "Basic EPS": 0.04,
        "Diluted NI Availto Com Stockholders": 4011000.0,
        "Net Income Common Stockholders": 4011000.0,
        "Net Income": 4011000.0,
        "Minority Interests": -4023000.0,
        "Net Income Including Noncontrolling Interests": 8034000.0,
        "Net Income Continuous Operations": 8034000.0,
        "Tax Provision": 211000.0,
        "Pretax Income": 8245000.0,
        "Other Income Expense": 634000.0,
        "Other Non Operating Income Expenses": 634000.0,
        "Net Non Operating Interest Income Expense": 7394000.0,
        "Total Other Finance Cost": -7394000.0,
        "Interest Income Non Operating": 7394000.0,
        "Operating Income": 217000.0,
        "Operating Expense": 94231000.0,
        "Depreciation Amortization Depletion Income Statement": 4989000.0,
        "Depreciation And Amortization In Income Statement": 4989000.0,
        "Research And Development": 22310000.0,
        "Selling General And Administration": 66932000.0,
        "Selling And Marketing Expense": 10788000.0,
        "General And Administrative Expense": 56144000.0,
        "Other Gand A": 56144000.0,
        "Gross Profit": 94448000.0,
        "Cost Of Revenue": 55423000.0,
        "Total Revenue": 149871000.0,
        "Operating Revenue": 149871000.0
    },
    "2022-03-31": {
        "Diluted EPS": -0.13,
        "Total Revenue": 91,
        "Gross Profit": 55,
        "Operating Income": -18,
        "EBIT": -13,
        "Net Income": -10
    },
    "2021-12-31": {
        "Diluted EPS": -0.21,
        "Total Revenue": 81,
        "Gross Profit": 48,
        "Operating Income": -32,
        "EBIT": -28,
        "Net Income": -4
    },
    "2021-09-30": {
        "Diluted EPS": -0.23,
        "Total Revenue": 68,
        "Gross Profit": 40,
        "Operating Income": -33,
        "EBIT": -28,
        "Net Income": -17
    },
    "2021-06-30": {
        "Diluted EPS": -0.03,
        "Total Revenue": 55,
        "Gross Profit": 31,
        "Operating Income": -38,
        "EBIT": -35,
        "Net Income": -2
    },
    "2021-03-31": {
        "Diluted EPS": 0.0,
        "Total Revenue": 51,
        "Gross Profit": 31,
        "Operating Income": -13,
        "EBIT": -11,
        "Net Income": -13
    },
    "2020-12-31": {
        "Diluted EPS": 0.0,
        "Total Revenue": 53,
        "Gross Profit": 37,
        "Operating Income": 0,
        "EBIT": 2,
        "Net Income": 8
    },
    "2020-09-30": {
        "Diluted EPS": 0.0,
        "Total Revenue": 56,
        "Gross Profit": 40,
        "Operating Income": 11,
        "EBIT": 13,
        "Net Income": 11
    },
    "2020-06-30": {
        "Diluted EPS": 0.0,
        "Total Revenue": 60,
        "Gross Profit": 46,
        "Operating Income": 22,
        "EBIT": 25,
        "Net Income": 22
    },
    "2020-03-31": {
        "Diluted EPS": 0.0,
        "Total Revenue": 61,
        "Gross Profit": 34,
        "Operating Income": -52,
        "EBIT": -50,
        "Net Income": -51
    },
    "2019-12-31": {
        "Diluted EPS": 0.0,
        "Total Revenue": NaN,
        "Gross Profit": NaN,
        "Operating Income": NaN,
        "EBIT": NaN,
        "Net Income": NaN
    },
    "2023-09-30": {
        "Tax Effect Of Unusual Items": 0.0,
        "Tax Rate For Calcs": 0.027,
        "Normalized EBITDA": 24539000.0,
        "Net Income From Continuing Operation Net Minority Interest": 15346000.0,
        "Reconciled Depreciation": 5260000.0,
        "Reconciled Cost Of Revenue": 58222000.0,
        "EBITDA": 24539000.0,
        "EBIT": 19279000.0,
        "Net Interest Income": 7677000.0,
        "Interest Income": NaN,
        "Normalized Income": 15346000.0,
        "Net Income From Continuing And Discontinued Operation": 15346000.0,
        "Total Expenses": 141108000.0,
        "Total Operating Income As Reported": 19279000.0,
        "Diluted Average Shares": 90875789.0,
        "Basic Average Shares": 90096426.0,
        "Diluted EPS": 0.17,
        "Basic EPS": 0.17,
        "Diluted NI Availto Com Stockholders": 15346000.0,
        "Net Income Common Stockholders": 15346000.0,
        "Net Income": 15346000.0,
        "Minority Interests": -11517000.0,
        "Net Income Including Noncontrolling Interests": 26863000.0,
        "Net Income Continuous Operations": 26863000.0,
        "Tax Provision": 754000.0,
        "Pretax Income": 27617000.0,
        "Other Income Expense": 661000.0,
        "Other Non Operating Income Expenses": 661000.0,
        "Net Non Operating Interest Income Expense": 7677000.0,
        "Total Other Finance Cost": -7677000.0,
        "Interest Income Non Operating": NaN,
        "Operating Income": 19279000.0,
        "Operating Expense": 82886000.0,
        "Depreciation Amortization Depletion Income Statement": 5260000.0,
        "Depreciation And Amortization In Income Statement": 5260000.0,
        "Research And Development": 11790000.0,
        "Selling General And Administration": 65836000.0,
        "Selling And Marketing Expense": 9735000.0,
        "General And Administrative Expense": 56101000.0,
        "Other Gand A": 56101000.0,
        "Gross Profit": 102165000.0,
        "Cost Of Revenue": 58222000.0,
        "Total Revenue": 160387000.0,
        "Operating Revenue": 160387000.0
    },
    "2023-12-31": {
        "Tax Effect Of Unusual Items": 0.0,
        "Tax Rate For Calcs": 0.21,
        "Normalized EBITDA": 21933000.0,
        "Net Income From Continuing Operation Net Minority Interest": 13975000.0,
        "Reconciled Depreciation": 6233000.0,
        "Reconciled Cost Of Revenue": 65106000.0,
        "EBITDA": 21933000.0,
        "EBIT": 15700000.0,
        "Net Interest Income": 7550000.0,
        "Interest Income": NaN,
        "Normalized Income": 13975000.0,
        "Net Income From Continuing And Discontinued Operation": 13975000.0,
        "Total Expenses": 155265000.0,
        "Total Operating Income As Reported": 15700000.0,
        "Diluted Average Shares": NaN,
        "Basic Average Shares": NaN,
        "Diluted EPS": NaN,
        "Basic EPS": NaN,
        "Diluted NI Availto Com Stockholders": 13975000.0,
        "Net Income Common Stockholders": 13975000.0,
        "Net Income": 13975000.0,
        "Minority Interests": -9289000.0,
        "Net Income Including Noncontrolling Interests": 23264000.0,
        "Net Income Continuous Operations": 23264000.0,
        "Tax Provision": -122000.0,
        "Pretax Income": 23142000.0,
        "Other Income Expense": -108000.0,
        "Other Non Operating Income Expenses": -108000.0,
        "Net Non Operating Interest Income Expense": 7550000.0,
        "Total Other Finance Cost": -7550000.0,
        "Interest Income Non Operating": NaN,
        "Operating Income": 15700000.0,
        "Operating Expense": 90159000.0,
        "Depreciation Amortization Depletion Income Statement": 6233000.0,
        "Depreciation And Amortization In Income Statement": 6233000.0,
        "Research And Development": 18400000.0,
        "Selling General And Administration": 65526000.0,
        "Selling And Marketing Expense": 13493000.0,
        "General And Administrative Expense": 52033000.0,
        "Other Gand A": 52033000.0,
        "Gross Profit": 105859000.0,
        "Cost Of Revenue": 65106000.0,
        "Total Revenue": 170965000.0,
        "Operating Revenue": 170965000.0
    },
    "2024-03-31": {
        "Tax Effect Of Unusual Items": 0.0,
        "Tax Rate For Calcs": 0.058,
        "Normalized EBITDA": 29781000.0,
        "Net Income From Continuing Operation Net Minority Interest": 18806000.0,
        "Reconciled Depreciation": 6092000.0,
        "Reconciled Cost Of Revenue": 64652000.0,
        "EBITDA": 29781000.0,
        "EBIT": 23689000.0,
        "Net Interest Income": 9925000.0,
        "Interest Income": 9925000.0,
        "Normalized Income": 18806000.0,
        "Net Income From Continuing And Discontinued Operation": 18806000.0,
        "Total Expenses": 155360000.0,
        "Total Operating Income As Reported": 23689000.0,
        "Diluted Average Shares": 93413342.0,
        "Basic Average Shares": 92738873.0,
        "Diluted EPS": 0.2,
        "Basic EPS": 0.2,
        "Diluted NI Availto Com Stockholders": 18806000.0,
        "Net Income Common Stockholders": 18806000.0,
        "Net Income": 18806000.0,
        "Minority Interests": -13282000.0,
        "Net Income Including Noncontrolling Interests": 32088000.0,
        "Net Income Continuous Operations": 32088000.0,
        "Tax Provision": 1965000.0,
        "Pretax Income": 34053000.0,
        "Other Income Expense": 439000.0,
        "Other Non Operating Income Expenses": 439000.0,
        "Net Non Operating Interest Income Expense": 9925000.0,
        "Total Other Finance Cost": NaN,
        "Interest Income Non Operating": 9925000.0,
        "Operating Income": 23689000.0,
        "Operating Expense": 90708000.0,
        "Depreciation Amortization Depletion Income Statement": 6092000.0,
        "Depreciation And Amortization In Income Statement": 6092000.0,
        "Research And Development": 20104000.0,
        "Selling General And Administration": 64512000.0,
        "Selling And Marketing Expense": 11622000.0,
        "General And Administrative Expense": 52890000.0,
        "Other Gand A": 52890000.0,
        "Gross Profit": 114397000.0,
        "Cost Of Revenue": 64652000.0,
        "Total Revenue": 179049000.0,
        "Operating Revenue": 179049000.0
    },
    "2024-06-30": {
        "Tax Effect Of Unusual Items": 0.0,
        "Tax Rate For Calcs": 0.01,
        "Normalized EBITDA": 36778000.0,
        "Net Income From Continuing Operation Net Minority Interest": 24119000.0,
        "Reconciled Depreciation": 6441000.0,
        "Reconciled Cost Of Revenue": 66178000.0,
        "EBITDA": 36778000.0,
        "EBIT": 30337000.0,
        "Net Interest Income": 8247000.0,
        "Interest Income": 8247000.0,
        "Normalized Income": 24119000.0,
        "Net Income From Continuing And Discontinued Operation": 24119000.0,
        "Total Expenses": 156408000.0,
        "Total Operating Income As Reported": 30337000.0,
        "Diluted Average Shares": 92605019.0,
        "Basic Average Shares": 91984045.0,
        "Diluted EPS": 0.26,
        "Basic EPS": 0.26,
        "Diluted NI Availto Com Stockholders": 24119000.0,
        "Net Income Common Stockholders": 24119000.0,
        "Net Income": 24119000.0,
        "Minority Interests": -14472000.0,
        "Net Income Including Noncontrolling Interests": 38591000.0,
        "Net Income Continuous Operations": 38591000.0,
        "Tax Provision": 409000.0,
        "Pretax Income": 39000000.0,
        "Other Income Expense": 416000.0,
        "Other Non Operating Income Expenses": 416000.0,
        "Net Non Operating Interest Income Expense": 8247000.0,
        "Total Other Finance Cost": NaN,
        "Interest Income Non Operating": 8247000.0,
        "Operating Income": 30337000.0,
        "Operating Expense": 90230000.0,
        "Depreciation Amortization Depletion Income Statement": 6441000.0,
        "Depreciation And Amortization In Income Statement": 6441000.0,
        "Research And Development": 17411000.0,
        "Selling General And Administration": 66378000.0,
        "Selling And Marketing Expense": 11007000.0,
        "General And Administrative Expense": 55371000.0,
        "Other Gand A": 55371000.0,
        "Gross Profit": 120567000.0,
        "Cost Of Revenue": 66178000.0,
        "Total Revenue": 186745000.0,
        "Operating Revenue": 186745000.0
    }
}