{
    "2023-03-31": {
        "Tax Effect Of Unusual Items": NaN,
        "Tax Rate For Calcs": NaN,
        "Normalized EBITDA": NaN,
        "Net Income From Continuing Operation Net Minority Interest": NaN,
        "Reconciled Cost Of Revenue": NaN,
        "EBITDA": NaN,
        "EBIT": NaN,
        "Net Interest Income": NaN,
        "Interest Income": 14519000.0,
        "Normalized Income": NaN,
        "Net Income From Continuing And Discontinued Operation": NaN,
        "Total Expenses": NaN,
        "Diluted Average Shares": NaN,
        "Basic Average Shares": NaN,
        "Diluted EPS": NaN,
        "Basic EPS": NaN,
        "Diluted NI Availto Com Stockholders": NaN,
        "Net Income Common Stockholders": NaN,
        "Net Income": NaN,
        "Net Income Including Noncontrolling Interests": NaN,
        "Net Income Continuous Operations": NaN,
        "Tax Provision": NaN,
        "Pretax Income": NaN,
        "Other Income Expense": NaN,
        "Other Non Operating Income Expenses": NaN,
        "Earnings From Equity Interest": NaN,
        "Net Non Operating Interest Income Expense": NaN,
        "Total Other Finance Cost": NaN,
        "Interest Income Non Operating": 14519000.0,
        "Operating Income": NaN,
        "Operating Expense": NaN,
        "Other Operating Expenses": NaN,
        "Provision For Doubtful Accounts": 39406000.0,
        "Research And Development": NaN,
        "Selling General And Administration": NaN,
        "Selling And Marketing Expense": NaN,
        "General And Administrative Expense": NaN,
        "Other Gand A": NaN,
        "Gross Profit": NaN,
        "Cost Of Revenue": NaN,
        "Total Revenue": NaN,
        "Operating Revenue": NaN
    },
    "2022-12-31": {
        "Tax Effect Of Unusual Items": NaN,
        "Tax Rate For Calcs": NaN,
        "Normalized EBITDA": NaN,
        "Net Income From Continuing Operation Net Minority Interest": NaN,
        "Reconciled Cost Of Revenue": NaN,
        "EBITDA": NaN,
        "EBIT": NaN,
        "Net Interest Income": NaN,
        "Interest Income": NaN,
        "Normalized Income": NaN,
        "Net Income From Continuing And Discontinued Operation": NaN,
        "Total Expenses": NaN,
        "Diluted Average Shares": NaN,
        "Basic Average Shares": NaN,
        "Diluted EPS": NaN,
        "Basic EPS": NaN,
        "Diluted NI Availto Com Stockholders": NaN,
        "Net Income Common Stockholders": NaN,
        "Net Income": NaN,
        "Net Income Including Noncontrolling Interests": NaN,
        "Net Income Continuous Operations": NaN,
        "Tax Provision": NaN,
        "Pretax Income": NaN,
        "Other Income Expense": NaN,
        "Other Non Operating Income Expenses": NaN,
        "Earnings From Equity Interest": NaN,
        "Net Non Operating Interest Income Expense": NaN,
        "Total Other Finance Cost": NaN,
        "Interest Income Non Operating": NaN,
        "Operating Income": NaN,
        "Operating Expense": NaN,
        "Other Operating Expenses": NaN,
        "Provision For Doubtful Accounts": 55747000.0,
        "Research And Development": NaN,
        "Selling General And Administration": NaN,
        "Selling And Marketing Expense": NaN,
        "General And Administrative Expense": NaN,
        "Other Gand A": NaN,
        "Gross Profit": NaN,
        "Cost Of Revenue": NaN,
        "Total Revenue": NaN,
        "Operating Revenue": NaN
    },
    "2022-09-30": {
        "Tax Effect Of Unusual Items": NaN,
        "Tax Rate For Calcs": NaN,
        "Normalized EBITDA": NaN,
        "Net Income From Continuing Operation Net Minority Interest": NaN,
        "Reconciled Cost Of Revenue": NaN,
        "EBITDA": NaN,
        "EBIT": NaN,
        "Net Interest Income": NaN,
        "Interest Expense": 378000.0,
        "Interest Income": NaN,
        "Normalized Income": NaN,
        "Net Income From Continuing And Discontinued Operation": NaN,
        "Total Expenses": NaN,
        "Diluted Average Shares": NaN,
        "Basic Average Shares": NaN,
        "Diluted EPS": NaN,
        "Basic EPS": NaN,
        "Diluted NI Availto Com Stockholders": NaN,
        "Net Income Common Stockholders": NaN,
        "Net Income": NaN,
        "Net Income Including Noncontrolling Interests": NaN,
        "Net Income Continuous Operations": NaN,
        "Tax Provision": NaN,
        "Pretax Income": NaN,
        "Other Income Expense": NaN,
        "Other Non Operating Income Expenses": NaN,
        "Earnings From Equity Interest": NaN,
        "Net Non Operating Interest Income Expense": NaN,
        "Total Other Finance Cost": 378000.0,
        "Interest Expense Non Operating": 378000.0,
        "Interest Income Non Operating": NaN,
        "Operating Income": NaN,
        "Operating Expense": NaN,
        "Other Operating Expenses": NaN,
        "Provision For Doubtful Accounts": NaN,
        "Research And Development": 33422000.0,
        "Selling General And Administration": NaN,
        "Selling And Marketing Expense": NaN,
        "General And Administrative Expense": NaN,
        "Other Gand A": NaN,
        "Gross Profit": NaN,
        "Cost Of Revenue": NaN,
        "Total Revenue": NaN,
        "Operating Revenue": NaN
    },
    "2022-06-30": {
        "Tax Effect Of Unusual Items": 0.0,
        "Tax Rate For Calcs": 0.14213,
        "Normalized EBITDA": 312620000.0,
        "Net Income From Continuing Operation Net Minority Interest": 254488000.0,
        "Reconciled Cost Of Revenue": 188687000.0,
        "EBITDA": 312620000.0,
        "EBIT": 312620000.0,
        "Net Interest Income": -3790000.0,
        "Interest Expense": NaN,
        "Normalized Income": 254488000.0,
        "Net Income From Continuing And Discontinued Operation": 254488000.0,
        "Total Expenses": 524184000.0,
        "Diluted Average Shares": 85435616.0,
        "Basic Average Shares": 85004326.0,
        "Diluted EPS": 2.9788,
        "Basic EPS": 2.9938,
        "Diluted NI Availto Com Stockholders": 254488000.0,
        "Net Income Common Stockholders": 254488000.0,
        "Net Income": 254488000.0,
        "Net Income Including Noncontrolling Interests": 254488000.0,
        "Net Income Continuous Operations": 254488000.0,
        "Tax Provision": 42163000.0,
        "Pretax Income": 296651000.0,
        "Other Income Expense": 23501000.0,
        "Other Non Operating Income Expenses": 8481000.0,
        "Earnings From Equity Interest": 15020000.0,
        "Net Non Operating Interest Income Expense": -3790000.0,
        "Total Other Finance Cost": 3790000.0,
        "Interest Expense Non Operating": NaN,
        "Operating Income": 276940000.0,
        "Operating Expense": 335497000.0,
        "Other Operating Expenses": 65575000.0,
        "Selling General And Administration": 269922000.0,
        "Selling And Marketing Expense": 157958000.0,
        "General And Administrative Expense": 111964000.0,
        "Other Gand A": 111964000.0,
        "Gross Profit": 612437000.0,
        "Cost Of Revenue": 188687000.0,
        "Total Revenue": 801124000.0,
        "Operating Revenue": 667113000.0
    },
    "2021-12-31": {
        "Diluted EPS": 0.63,
        "Total Revenue": 169,
        "Gross Profit": 134,
        "Operating Income": 54,
        "EBIT": 54,
        "Net Income": 54
    },
    "2021-09-30": {
        "Diluted EPS": 0.58,
        "Total Revenue": 191,
        "Gross Profit": 162,
        "Operating Income": 64,
        "EBIT": 64,
        "Net Income": 50
    },
    "2021-06-30": {
        "Diluted EPS": 0.37,
        "Total Revenue": 174,
        "Gross Profit": 146,
        "Operating Income": 44,
        "EBIT": 44,
        "Net Income": 31
    },
    "2021-03-31": {
        "Diluted EPS": 0.33,
        "Total Revenue": 168,
        "Gross Profit": 141,
        "Operating Income": 40,
        "EBIT": 40,
        "Net Income": 28
    },
    "2020-12-31": {
        "Diluted EPS": -0.98,
        "Total Revenue": 205,
        "Gross Profit": 109,
        "Operating Income": 11,
        "EBIT": 11,
        "Net Income": -88
    },
    "2020-09-30": {
        "Diluted EPS": 0.13,
        "Total Revenue": 151,
        "Gross Profit": 115,
        "Operating Income": 17,
        "EBIT": 17,
        "Net Income": 12
    },
    "2020-06-30": {
        "Diluted EPS": -0.35,
        "Total Revenue": 107,
        "Gross Profit": 83,
        "Operating Income": -37,
        "EBIT": -37,
        "Net Income": -33
    },
    "2020-03-31": {
        "Diluted EPS": 0.03,
        "Total Revenue": 145,
        "Gross Profit": 130,
        "Operating Income": 2,
        "EBIT": 2,
        "Net Income": 3
    },
    "2019-12-31": {
        "Diluted EPS": 0.61,
        "Total Revenue": 332,
        "Gross Profit": 308,
        "Operating Income": 73,
        "EBIT": 73,
        "Net Income": 57
    },
    "2019-09-30": {
        "Diluted EPS": 0.34,
        "Total Revenue": 288,
        "Gross Profit": 266,
        "Operating Income": 32,
        "EBIT": 32,
        "Net Income": 32
    },
    "2019-06-30": {
        "Diluted EPS": 0.24,
        "Total Revenue": 323,
        "Gross Profit": 299,
        "Operating Income": 25,
        "EBIT": 25,
        "Net Income": 23
    },
    "2019-03-31": {
        "Diluted EPS": 0.59,
        "Total Revenue": 295,
        "Gross Profit": 269,
        "Operating Income": 34,
        "EBIT": 34,
        "Net Income": 55
    },
    "2018-12-31": {
        "Diluted EPS": 0.69,
        "Total Revenue": 171,
        "Gross Profit": 145,
        "Operating Income": 43,
        "EBIT": 43,
        "Net Income": 43
    },
    "2018-09-30": {
        "Diluted EPS": 0.35,
        "Total Revenue": 163,
        "Gross Profit": 141,
        "Operating Income": 51,
        "EBIT": 51,
        "Net Income": 22
    },
    "2018-06-30": {
        "Diluted EPS": 0.5,
        "Total Revenue": 230,
        "Gross Profit": 207,
        "Operating Income": 37,
        "EBIT": 37,
        "Net Income": 31
    },
    "2018-03-31": {
        "Diluted EPS": 0.72,
        "Total Revenue": 254,
        "Gross Profit": 231,
        "Operating Income": 53,
        "EBIT": 53,
        "Net Income": 44
    },
    "2017-12-31": {
        "Diluted EPS": 1.21,
        "Total Revenue": 302,
        "Gross Profit": 277,
        "Operating Income": 89,
        "EBIT": 89,
        "Net Income": 75
    },
    "2017-09-30": {
        "Diluted EPS": 0.74,
        "Total Revenue": 228,
        "Gross Profit": 210,
        "Operating Income": 57,
        "EBIT": 57,
        "Net Income": 46
    },
    "2017-06-30": {
        "Diluted EPS": 0.66,
        "Total Revenue": 175,
        "Gross Profit": 161,
        "Operating Income": 55,
        "EBIT": 55,
        "Net Income": 40
    },
    "2017-03-31": {
        "Diluted EPS": 0.84,
        "Total Revenue": 148,
        "Gross Profit": 140,
        "Operating Income": 57,
        "EBIT": 57,
        "Net Income": 51
    },
    "2016-12-31": {
        "Diluted EPS": 0.84,
        "Total Revenue": 139,
        "Gross Profit": 135,
        "Operating Income": 55,
        "EBIT": 55,
        "Net Income": 50
    },
    "2016-09-30": {
        "Diluted EPS": 0.85,
        "Total Revenue": 131,
        "Gross Profit": 122,
        "Operating Income": 30,
        "EBIT": 30,
        "Net Income": 52
    },
    "2016-06-30": {
        "Diluted EPS": 0.67,
        "Total Revenue": 110,
        "Gross Profit": 104,
        "Operating Income": 40,
        "EBIT": 40,
        "Net Income": 39
    },
    "2016-03-31": {
        "Diluted EPS": 0.34,
        "Total Revenue": 85,
        "Gross Profit": 79,
        "Operating Income": 31,
        "EBIT": 31,
        "Net Income": 20
    },
    "2015-12-31": {
        "Diluted EPS": 0.25,
        "Total Revenue": 71,
        "Gross Profit": 71,
        "Operating Income": 71,
        "EBIT": 71,
        "Net Income": 13
    },
    "2015-09-30": {
        "Diluted EPS": 0.27,
        "Total Revenue": 59,
        "Gross Profit": 59,
        "Operating Income": 59,
        "EBIT": 59,
        "Net Income": 13
    },
    "2015-06-30": {
        "Diluted EPS": 0.26,
        "Total Revenue": 50,
        "Gross Profit": 50,
        "Operating Income": 50,
        "EBIT": 50,
        "Net Income": 13
    },
    "2015-03-31": {
        "Diluted EPS": 0.09,
        "Total Revenue": 30,
        "Gross Profit": 30,
        "Operating Income": 30,
        "EBIT": 30,
        "Net Income": 4
    },
    "2014-12-31": {
        "Diluted EPS": 0.0,
        "Total Revenue": NaN,
        "Gross Profit": NaN,
        "Operating Income": NaN,
        "EBIT": NaN,
        "Net Income": NaN
    },
    "2013-12-31": {
        "Diluted EPS": 0.0,
        "Total Revenue": NaN,
        "Gross Profit": NaN,
        "Operating Income": NaN,
        "EBIT": NaN,
        "Net Income": NaN
    },
    "2023-06-30": {
        "Tax Effect Of Unusual Items": NaN,
        "Tax Rate For Calcs": NaN,
        "Normalized EBITDA": NaN,
        "Net Income From Continuing Operation Net Minority Interest": NaN,
        "Reconciled Cost Of Revenue": NaN,
        "EBITDA": NaN,
        "EBIT": NaN,
        "Net Interest Income": NaN,
        "Interest Income": NaN,
        "Normalized Income": NaN,
        "Net Income From Continuing And Discontinued Operation": NaN,
        "Total Expenses": NaN,
        "Diluted Average Shares": NaN,
        "Basic Average Shares": NaN,
        "Diluted EPS": NaN,
        "Basic EPS": NaN,
        "Diluted NI Availto Com Stockholders": NaN,
        "Net Income Common Stockholders": NaN,
        "Net Income": NaN,
        "Net Income Including Noncontrolling Interests": NaN,
        "Net Income Continuous Operations": NaN,
        "Tax Provision": NaN,
        "Pretax Income": NaN,
        "Other Income Expense": NaN,
        "Other Non Operating Income Expenses": NaN,
        "Earnings From Equity Interest": -17470000.0,
        "Net Non Operating Interest Income Expense": NaN,
        "Total Other Finance Cost": -10535000.0,
        "Interest Income Non Operating": NaN,
        "Operating Income": NaN,
        "Operating Expense": NaN,
        "Other Operating Expenses": 60840000.0,
        "Provision For Doubtful Accounts": NaN,
        "Research And Development": NaN,
        "Selling General And Administration": NaN,
        "Selling And Marketing Expense": NaN,
        "General And Administrative Expense": NaN,
        "Other Gand A": NaN,
        "Gross Profit": NaN,
        "Cost Of Revenue": NaN,
        "Total Revenue": NaN,
        "Operating Revenue": NaN
    },
    "2023-09-30": {
        "Tax Effect Of Unusual Items": 0.0,
        "Tax Rate For Calcs": 0.226036,
        "Normalized EBITDA": 693444000.0,
        "Net Income From Continuing Operation Net Minority Interest": 554415000.0,
        "Reconciled Cost Of Revenue": 245360000.0,
        "EBITDA": 693444000.0,
        "EBIT": 693444000.0,
        "Net Interest Income": 25815000.0,
        "Interest Income": NaN,
        "Normalized Income": 554415000.0,
        "Net Income From Continuing And Discontinued Operation": 554415000.0,
        "Total Expenses": 617330000.0,
        "Diluted Average Shares": 89183282.0,
        "Basic Average Shares": 88433326.0,
        "Diluted EPS": 6.2166,
        "Basic EPS": 6.2692,
        "Diluted NI Availto Com Stockholders": 554415000.0,
        "Net Income Common Stockholders": 554415000.0,
        "Net Income": 554415000.0,
        "Net Income Including Noncontrolling Interests": 554415000.0,
        "Net Income Continuous Operations": 554415000.0,
        "Tax Provision": 161917000.0,
        "Pretax Income": 716332000.0,
        "Other Income Expense": -2927000.0,
        "Other Non Operating Income Expenses": 5177000.0,
        "Earnings From Equity Interest": -8104000.0,
        "Net Non Operating Interest Income Expense": 25815000.0,
        "Total Other Finance Cost": -25815000.0,
        "Interest Income Non Operating": NaN,
        "Operating Income": 693444000.0,
        "Operating Expense": 371970000.0,
        "Other Operating Expenses": 11104000.0,
        "Provision For Doubtful Accounts": 72652000.0,
        "Research And Development": 38981000.0,
        "Selling General And Administration": 249233000.0,
        "Selling And Marketing Expense": 195714000.0,
        "General And Administrative Expense": 53519000.0,
        "Other Gand A": 53519000.0,
        "Gross Profit": 1065414000.0,
        "Cost Of Revenue": 245360000.0,
        "Total Revenue": 1310774000.0,
        "Operating Revenue": 1243223000.0
    },
    "2023-12-31": {
        "Tax Effect Of Unusual Items": 0.0,
        "Tax Rate For Calcs": 0.197754,
        "Normalized EBITDA": 687096000.0,
        "Net Income From Continuing Operation Net Minority Interest": 571268000.0,
        "Reconciled Cost Of Revenue": 184700000.0,
        "EBITDA": 687096000.0,
        "EBIT": 687096000.0,
        "Net Interest Income": 29880000.0,
        "Interest Income": NaN,
        "Normalized Income": 571268000.0,
        "Net Income From Continuing And Discontinued Operation": 571268000.0,
        "Total Expenses": 587214000.0,
        "Diluted Average Shares": 88553152.0,
        "Basic Average Shares": 87722770.0,
        "Diluted EPS": 6.4512,
        "Basic EPS": 6.5122,
        "Diluted NI Availto Com Stockholders": 571268000.0,
        "Net Income Common Stockholders": 571268000.0,
        "Net Income": 571268000.0,
        "Net Income Including Noncontrolling Interests": 571268000.0,
        "Net Income Continuous Operations": 571268000.0,
        "Tax Provision": 140818000.0,
        "Pretax Income": 712086000.0,
        "Other Income Expense": -4890000.0,
        "Other Non Operating Income Expenses": 8504000.0,
        "Earnings From Equity Interest": NaN,
        "Net Non Operating Interest Income Expense": 29880000.0,
        "Total Other Finance Cost": -29880000.0,
        "Interest Income Non Operating": NaN,
        "Operating Income": 687096000.0,
        "Operating Expense": 402514000.0,
        "Other Operating Expenses": NaN,
        "Provision For Doubtful Accounts": 98686000.0,
        "Research And Development": 47586000.0,
        "Selling General And Administration": 256242000.0,
        "Selling And Marketing Expense": 205730000.0,
        "General And Administrative Expense": 50512000.0,
        "Other Gand A": 50512000.0,
        "Gross Profit": 1089610000.0,
        "Cost Of Revenue": 184700000.0,
        "Total Revenue": 1274310000.0,
        "Operating Revenue": 1219689000.0
    },
    "2024-03-31": {
        "Tax Effect Of Unusual Items": 0.0,
        "Tax Rate For Calcs": 0.213351,
        "Normalized EBITDA": 573804000.0,
        "Net Income From Continuing Operation Net Minority Interest": 485883000.0,
        "Reconciled Cost Of Revenue": 233270000.0,
        "EBITDA": 573804000.0,
        "EBIT": 573804000.0,
        "Net Interest Income": 27713000.0,
        "Interest Income": 27713000.0,
        "Normalized Income": 485883000.0,
        "Net Income From Continuing And Discontinued Operation": 485883000.0,
        "Total Expenses": 804280000.0,
        "Diluted Average Shares": 88101286.0,
        "Basic Average Shares": 87141222.0,
        "Diluted EPS": 5.515,
        "Basic EPS": 5.5758,
        "Diluted NI Availto Com Stockholders": 485883000.0,
        "Net Income Common Stockholders": 485883000.0,
        "Net Income": 485883000.0,
        "Net Income Including Noncontrolling Interests": 485883000.0,
        "Net Income Continuous Operations": 485883000.0,
        "Tax Provision": 131779000.0,
        "Pretax Income": 617662000.0,
        "Other Income Expense": 16145000.0,
        "Other Non Operating Income Expenses": 677000.0,
        "Earnings From Equity Interest": 15468000.0,
        "Net Non Operating Interest Income Expense": 27713000.0,
        "Total Other Finance Cost": NaN,
        "Interest Income Non Operating": 27713000.0,
        "Operating Income": 573804000.0,
        "Operating Expense": 571010000.0,
        "Other Operating Expenses": 67258000.0,
        "Provision For Doubtful Accounts": 102334000.0,
        "Research And Development": 40521000.0,
        "Selling General And Administration": 360897000.0,
        "Selling And Marketing Expense": 277223000.0,
        "General And Administrative Expense": 83674000.0,
        "Other Gand A": 83674000.0,
        "Gross Profit": 1144814000.0,
        "Cost Of Revenue": 233270000.0,
        "Total Revenue": 1378084000.0,
        "Operating Revenue": 1333448000.0
    },
    "2024-06-30": {
        "Tax Effect Of Unusual Items": 0.0,
        "Tax Rate For Calcs": 0.183498,
        "Normalized EBITDA": 438201000.0,
        "Net Income From Continuing Operation Net Minority Interest": 409528000.0,
        "Reconciled Cost Of Revenue": 246542000.0,
        "EBITDA": 438201000.0,
        "EBIT": 438201000.0,
        "Net Interest Income": 24668000.0,
        "Interest Income": NaN,
        "Normalized Income": 409528000.0,
        "Net Income From Continuing And Discontinued Operation": 409528000.0,
        "Total Expenses": 1058335000.0,
        "Diluted Average Shares": 87355777.0,
        "Basic Average Shares": 86415861.0,
        "Diluted EPS": 4.688,
        "Basic EPS": 4.739,
        "Diluted NI Availto Com Stockholders": 409528000.0,
        "Net Income Common Stockholders": 409528000.0,
        "Net Income": 409528000.0,
        "Net Income Including Noncontrolling Interests": 409528000.0,
        "Net Income Continuous Operations": 409528000.0,
        "Tax Provision": 92036000.0,
        "Pretax Income": 501564000.0,
        "Other Income Expense": 38695000.0,
        "Other Non Operating Income Expenses": -11000.0,
        "Earnings From Equity Interest": 38706000.0,
        "Net Non Operating Interest Income Expense": 24668000.0,
        "Total Other Finance Cost": -24668000.0,
        "Interest Income Non Operating": NaN,
        "Operating Income": 438201000.0,
        "Operating Expense": 811793000.0,
        "Other Operating Expenses": 402210000.0,
        "Provision For Doubtful Accounts": NaN,
        "Research And Development": 55812000.0,
        "Selling General And Administration": 353771000.0,
        "Selling And Marketing Expense": 285101000.0,
        "General And Administrative Expense": 68670000.0,
        "Other Gand A": 68670000.0,
        "Gross Profit": 1249994000.0,
        "Cost Of Revenue": 246542000.0,
        "Total Revenue": 1496536000.0,
        "Operating Revenue": 1400497000.0
    },
    "2024-09-30": {
        "Tax Effect Of Unusual Items": 0.0,
        "Tax Rate For Calcs": 0.111633,
        "Normalized EBITDA": 339272000.0,
        "Net Income From Continuing Operation Net Minority Interest": 355442000.0,
        "Reconciled Cost Of Revenue": 205913000.0,
        "EBITDA": 339272000.0,
        "EBIT": 339272000.0,
        "Net Interest Income": 21877000.0,
        "Interest Income": NaN,
        "Normalized Income": 355442000.0,
        "Net Income From Continuing And Discontinued Operation": 355442000.0,
        "Total Expenses": 1139816000.0,
        "Diluted Average Shares": 88017662.0,
        "Basic Average Shares": 87509322.0,
        "Diluted EPS": 4.0384,
        "Basic EPS": 4.0618,
        "Diluted NI Availto Com Stockholders": 355442000.0,
        "Net Income Common Stockholders": 355442000.0,
        "Net Income": 355442000.0,
        "Net Income Including Noncontrolling Interests": 355442000.0,
        "Net Income Continuous Operations": 355442000.0,
        "Tax Provision": 44665000.0,
        "Pretax Income": 400107000.0,
        "Other Income Expense": 38958000.0,
        "Other Non Operating Income Expenses": 2535000.0,
        "Earnings From Equity Interest": 36423000.0,
        "Net Non Operating Interest Income Expense": 21877000.0,
        "Total Other Finance Cost": -21877000.0,
        "Interest Income Non Operating": NaN,
        "Operating Income": 339272000.0,
        "Operating Expense": 933903000.0,
        "Other Operating Expenses": 272406000.0,
        "Provision For Doubtful Accounts": 94913000.0,
        "Research And Development": 150840000.0,
        "Selling General And Administration": 415744000.0,
        "Selling And Marketing Expense": 335647000.0,
        "General And Administrative Expense": 80097000.0,
        "Other Gand A": 80097000.0,
        "Gross Profit": 1273175000.0,
        "Cost Of Revenue": 205913000.0,
        "Total Revenue": 1479088000.0,
        "Operating Revenue": 1402410000.0
    }
}