{
    "2023-03-31": {
        "Tax Effect Of Unusual Items": -20292.438363,
        "Tax Rate For Calcs": 0.003657,
        "Normalized EBITDA": -1605000.0,
        "Total Unusual Items": -5549000.0,
        "Total Unusual Items Excluding Goodwill": -5549000.0,
        "Net Income From Continuing Operation Net Minority Interest": 50058000.0,
        "Reconciled Cost Of Revenue": 196667000.0,
        "EBITDA": -7154000.0,
        "EBIT": -7154000.0,
        "Net Interest Income": 26988000.0,
        "Interest Income": 26988000.0,
        "Normalized Income": 55586707.561637,
        "Net Income From Continuing And Discontinued Operation": 50058000.0,
        "Total Expenses": 772550000.0,
        "Total Operating Income As Reported": -7154000.0,
        "Diluted Average Shares": 118658342.0,
        "Basic Average Shares": 111812513.0,
        "Diluted EPS": 0.4,
        "Basic EPS": 0.4,
        "Diluted NI Availto Com Stockholders": 50058000.0,
        "Net Income Common Stockholders": 50058000.0,
        "Net Income": 50058000.0,
        "Minority Interests": -618000.0,
        "Net Income Including Noncontrolling Interests": 50676000.0,
        "Net Income Continuous Operations": 50676000.0,
        "Tax Provision": 186000.0,
        "Pretax Income": 50862000.0,
        "Other Income Expense": 31028000.0,
        "Other Non Operating Income Expenses": 17517000.0,
        "Special Income Charges": 0.0,
        "Write Off": 0.0,
        "Earnings From Equity Interest": 19060000.0,
        "Gain On Sale Of Security": -5549000.0,
        "Net Non Operating Interest Income Expense": 26988000.0,
        "Total Other Finance Cost": NaN,
        "Interest Income Non Operating": 26988000.0,
        "Operating Income": -7154000.0,
        "Operating Expense": 575883000.0,
        "Other Operating Expenses": 51916000.0,
        "Research And Development": 24178000.0,
        "Selling General And Administration": 499789000.0,
        "Selling And Marketing Expense": 459048000.0,
        "General And Administrative Expense": 40741000.0,
        "Other Gand A": 40741000.0,
        "Salaries And Wages": NaN,
        "Gross Profit": 568729000.0,
        "Cost Of Revenue": 196667000.0,
        "Total Revenue": 765396000.0,
        "Operating Revenue": 765396000.0
    },
    "2022-12-31": {
        "Tax Effect Of Unusual Items": 269070.381851,
        "Tax Rate For Calcs": 0.032109,
        "Normalized EBITDA": -86623000.0,
        "Total Unusual Items": 8380000.0,
        "Total Unusual Items Excluding Goodwill": 8380000.0,
        "Net Income From Continuing Operation Net Minority Interest": -52248000.0,
        "Reconciled Cost Of Revenue": 290886000.0,
        "EBITDA": -78243000.0,
        "EBIT": -78243000.0,
        "Net Interest Income": 7456000.0,
        "Interest Income": 7456000.0,
        "Normalized Income": -60358929.618149,
        "Net Income From Continuing And Discontinued Operation": -52248000.0,
        "Total Expenses": 1083737000.0,
        "Total Operating Income As Reported": -78243000.0,
        "Diluted Average Shares": 111813869.0,
        "Basic Average Shares": 111813869.0,
        "Diluted EPS": -0.4,
        "Basic EPS": -0.4,
        "Diluted NI Availto Com Stockholders": -52248000.0,
        "Net Income Common Stockholders": -52248000.0,
        "Net Income": -52248000.0,
        "Minority Interests": 2705000.0,
        "Net Income Including Noncontrolling Interests": -54953000.0,
        "Net Income Continuous Operations": -54953000.0,
        "Tax Provision": -1823000.0,
        "Pretax Income": -56776000.0,
        "Other Income Expense": 14011000.0,
        "Other Non Operating Income Expenses": 7717000.0,
        "Special Income Charges": NaN,
        "Write Off": NaN,
        "Earnings From Equity Interest": -2086000.0,
        "Gain On Sale Of Security": 8380000.0,
        "Net Non Operating Interest Income Expense": 7456000.0,
        "Total Other Finance Cost": NaN,
        "Interest Income Non Operating": 7456000.0,
        "Operating Income": -78243000.0,
        "Operating Expense": 792851000.0,
        "Other Operating Expenses": NaN,
        "Research And Development": 25139000.0,
        "Selling General And Administration": 497826000.0,
        "Selling And Marketing Expense": 535244000.0,
        "General And Administrative Expense": -37418000.0,
        "Other Gand A": -37418000.0,
        "Salaries And Wages": NaN,
        "Gross Profit": 714608000.0,
        "Cost Of Revenue": 290886000.0,
        "Total Revenue": 1005494000.0,
        "Operating Revenue": 1005494000.0
    },
    "2022-09-30": {
        "Tax Effect Of Unusual Items": NaN,
        "Tax Rate For Calcs": NaN,
        "Normalized EBITDA": NaN,
        "Total Unusual Items": NaN,
        "Total Unusual Items Excluding Goodwill": NaN,
        "Net Income From Continuing Operation Net Minority Interest": NaN,
        "Reconciled Cost Of Revenue": NaN,
        "EBITDA": NaN,
        "EBIT": NaN,
        "Net Interest Income": NaN,
        "Interest Income": NaN,
        "Normalized Income": NaN,
        "Net Income From Continuing And Discontinued Operation": NaN,
        "Total Expenses": NaN,
        "Total Operating Income As Reported": NaN,
        "Diluted Average Shares": NaN,
        "Basic Average Shares": NaN,
        "Diluted EPS": NaN,
        "Basic EPS": NaN,
        "Diluted NI Availto Com Stockholders": NaN,
        "Net Income Common Stockholders": NaN,
        "Net Income": NaN,
        "Minority Interests": NaN,
        "Net Income Including Noncontrolling Interests": NaN,
        "Net Income Continuous Operations": NaN,
        "Tax Provision": NaN,
        "Pretax Income": NaN,
        "Other Income Expense": NaN,
        "Other Non Operating Income Expenses": NaN,
        "Special Income Charges": NaN,
        "Write Off": NaN,
        "Earnings From Equity Interest": NaN,
        "Gain On Sale Of Security": NaN,
        "Net Non Operating Interest Income Expense": NaN,
        "Total Other Finance Cost": -10834000.0,
        "Interest Income Non Operating": NaN,
        "Operating Income": NaN,
        "Operating Expense": NaN,
        "Other Operating Expenses": NaN,
        "Research And Development": NaN,
        "Selling General And Administration": NaN,
        "Selling And Marketing Expense": NaN,
        "General And Administrative Expense": NaN,
        "Other Gand A": NaN,
        "Salaries And Wages": NaN,
        "Gross Profit": NaN,
        "Cost Of Revenue": NaN,
        "Total Revenue": NaN,
        "Operating Revenue": NaN
    },
    "2022-06-30": {
        "Tax Effect Of Unusual Items": -8983200.0,
        "Tax Rate For Calcs": 0.4,
        "Normalized EBITDA": -254499000.0,
        "Total Unusual Items": -22458000.0,
        "Total Unusual Items Excluding Goodwill": -22458000.0,
        "Net Income From Continuing Operation Net Minority Interest": -265930000.0,
        "Reconciled Cost Of Revenue": 353450000.0,
        "EBITDA": -276957000.0,
        "EBIT": -276957000.0,
        "Net Interest Income": 8263000.0,
        "Interest Income": 8263000.0,
        "Normalized Income": -252455200.0,
        "Net Income From Continuing And Discontinued Operation": -265930000.0,
        "Total Expenses": 1228727000.0,
        "Total Operating Income As Reported": -276957000.0,
        "Diluted Average Shares": 618783655.0,
        "Basic Average Shares": 618783655.0,
        "Diluted EPS": -0.44,
        "Basic EPS": -0.44,
        "Diluted NI Availto Com Stockholders": -265930000.0,
        "Net Income Common Stockholders": -265930000.0,
        "Net Income": -265930000.0,
        "Minority Interests": -1660000.0,
        "Net Income Including Noncontrolling Interests": -264270000.0,
        "Net Income Continuous Operations": -264270000.0,
        "Tax Provision": 1095000.0,
        "Pretax Income": -263175000.0,
        "Other Income Expense": 5519000.0,
        "Other Non Operating Income Expenses": 27932000.0,
        "Special Income Charges": -662000.0,
        "Write Off": 662000.0,
        "Earnings From Equity Interest": 45000.0,
        "Gain On Sale Of Security": -21796000.0,
        "Net Non Operating Interest Income Expense": 8263000.0,
        "Interest Income Non Operating": 8263000.0,
        "Operating Income": -276957000.0,
        "Operating Expense": 875277000.0,
        "Other Operating Expenses": 69743000.0,
        "Research And Development": 32045000.0,
        "Selling General And Administration": 843232000.0,
        "Selling And Marketing Expense": 625695000.0,
        "General And Administrative Expense": 217537000.0,
        "Other Gand A": 217537000.0,
        "Salaries And Wages": NaN,
        "Gross Profit": 598320000.0,
        "Cost Of Revenue": 353450000.0,
        "Total Revenue": 951770000.0,
        "Operating Revenue": 951770000.0
    },
    "2022-03-31": {
        "Diluted EPS": -0.07,
        "Total Revenue": 141,
        "Gross Profit": 97,
        "Operating Income": -49,
        "EBIT": -49,
        "Net Income": -46
    },
    "2021-12-31": {
        "Diluted EPS": -0.13,
        "Total Revenue": 251,
        "Gross Profit": 164,
        "Operating Income": -82,
        "EBIT": -82,
        "Net Income": -77
    },
    "2021-09-30": {
        "Diluted EPS": -0.09,
        "Total Revenue": 208,
        "Gross Profit": 142,
        "Operating Income": -57,
        "EBIT": -57,
        "Net Income": -56
    },
    "2021-06-30": {
        "Diluted EPS": -0.1,
        "Total Revenue": 236,
        "Gross Profit": 155,
        "Operating Income": -63,
        "EBIT": -63,
        "Net Income": -60
    },
    "2021-03-31": {
        "Diluted EPS": -0.08,
        "Total Revenue": 220,
        "Gross Profit": 151,
        "Operating Income": -52,
        "EBIT": -52,
        "Net Income": -48
    },
    "2020-12-31": {
        "Diluted EPS": -0.62,
        "Total Revenue": 301,
        "Gross Profit": 301,
        "Operating Income": 301,
        "EBIT": 305,
        "Net Income": -235
    },
    "2020-09-30": {
        "Diluted EPS": 0.0,
        "Total Revenue": NaN,
        "Gross Profit": NaN,
        "Operating Income": NaN,
        "Net Income": NaN
    },
    "2019-12-31": {
        "Diluted EPS": 0.0,
        "Total Revenue": NaN,
        "Gross Profit": NaN,
        "Operating Income": NaN,
        "EBIT": NaN,
        "Net Income": NaN
    },
    "2023-06-30": {
        "Tax Effect Of Unusual Items": 48077.631111,
        "Tax Rate For Calcs": 0.010527,
        "Normalized EBITDA": -139625000.0,
        "Total Unusual Items": 4567000.0,
        "Total Unusual Items Excluding Goodwill": 4567000.0,
        "Net Income From Continuing Operation Net Minority Interest": -110767000.0,
        "Reconciled Cost Of Revenue": 216915000.0,
        "EBITDA": -135058000.0,
        "EBIT": -135058000.0,
        "Net Interest Income": 15950000.0,
        "Interest Income": 15950000.0,
        "Normalized Income": -115285922.368889,
        "Net Income From Continuing And Discontinued Operation": -110767000.0,
        "Total Expenses": 993620000.0,
        "Total Operating Income As Reported": -135058000.0,
        "Diluted Average Shares": 111400478.0,
        "Basic Average Shares": 111400478.0,
        "Diluted EPS": -1.0,
        "Basic EPS": -1.0,
        "Diluted NI Availto Com Stockholders": -110767000.0,
        "Net Income Common Stockholders": -110767000.0,
        "Net Income": -110767000.0,
        "Minority Interests": -2300000.0,
        "Net Income Including Noncontrolling Interests": -108467000.0,
        "Net Income Continuous Operations": -108467000.0,
        "Tax Provision": -1154000.0,
        "Pretax Income": -109621000.0,
        "Other Income Expense": 9487000.0,
        "Other Non Operating Income Expenses": 11649000.0,
        "Special Income Charges": 0.0,
        "Write Off": 0.0,
        "Earnings From Equity Interest": -6729000.0,
        "Gain On Sale Of Security": 4567000.0,
        "Net Non Operating Interest Income Expense": 15950000.0,
        "Total Other Finance Cost": NaN,
        "Interest Income Non Operating": 15950000.0,
        "Operating Income": -135058000.0,
        "Operating Expense": 776705000.0,
        "Other Operating Expenses": 58339000.0,
        "Research And Development": 25930000.0,
        "Selling General And Administration": 692436000.0,
        "Selling And Marketing Expense": 542781000.0,
        "General And Administrative Expense": 149655000.0,
        "Other Gand A": 149655000.0,
        "Salaries And Wages": 45723000.0,
        "Gross Profit": 641647000.0,
        "Cost Of Revenue": 216915000.0,
        "Total Revenue": 858562000.0,
        "Operating Revenue": 858562000.0
    },
    "2023-09-30": {
        "Tax Effect Of Unusual Items": 450000.0,
        "Tax Rate For Calcs": 0.25,
        "Normalized EBITDA": -233300000.0,
        "Total Unusual Items": 1800000.0,
        "Total Unusual Items Excluding Goodwill": 1800000.0,
        "Net Income From Continuing Operation Net Minority Interest": -196539000.0,
        "Reconciled Cost Of Revenue": 205325000.0,
        "EBITDA": -231500000.0,
        "EBIT": -231500000.0,
        "Net Interest Income": 30319000.0,
        "Interest Income": 30319000.0,
        "Normalized Income": -197889000.0,
        "Net Income From Continuing And Discontinued Operation": -196539000.0,
        "Total Expenses": 949625000.0,
        "Total Operating Income As Reported": -231500000.0,
        "Diluted Average Shares": 108668010.0,
        "Basic Average Shares": 108668010.0,
        "Diluted EPS": -1.8,
        "Basic EPS": -1.8,
        "Diluted NI Availto Com Stockholders": -196539000.0,
        "Net Income Common Stockholders": -196539000.0,
        "Net Income": -196539000.0,
        "Minority Interests": 1371000.0,
        "Net Income Including Noncontrolling Interests": -197910000.0,
        "Net Income Continuous Operations": -197910000.0,
        "Tax Provision": 654000.0,
        "Pretax Income": -197256000.0,
        "Other Income Expense": 3925000.0,
        "Other Non Operating Income Expenses": 8780000.0,
        "Special Income Charges": NaN,
        "Write Off": NaN,
        "Earnings From Equity Interest": -6655000.0,
        "Gain On Sale Of Security": 1800000.0,
        "Net Non Operating Interest Income Expense": 30319000.0,
        "Total Other Finance Cost": -30319000.0,
        "Interest Income Non Operating": 30319000.0,
        "Operating Income": -231500000.0,
        "Operating Expense": 744300000.0,
        "Other Operating Expenses": 56025000.0,
        "Research And Development": 24739000.0,
        "Selling General And Administration": 663536000.0,
        "Selling And Marketing Expense": 511706000.0,
        "General And Administrative Expense": 151830000.0,
        "Other Gand A": 151830000.0,
        "Salaries And Wages": NaN,
        "Gross Profit": 512800000.0,
        "Cost Of Revenue": 205325000.0,
        "Total Revenue": 718125000.0,
        "Operating Revenue": 718125000.0
    },
    "2023-12-31": {
        "Tax Effect Of Unusual Items": -2023960.629003,
        "Tax Rate For Calcs": 0.005822,
        "Normalized EBITDA": 162035000.0,
        "Total Unusual Items": -347639000.0,
        "Total Unusual Items Excluding Goodwill": -347639000.0,
        "Net Income From Continuing Operation Net Minority Interest": -490515000.0,
        "Reconciled Cost Of Revenue": 282548000.0,
        "EBITDA": -185604000.0,
        "EBIT": -185604000.0,
        "Net Interest Income": 15763000.0,
        "Interest Income": 15763000.0,
        "Normalized Income": -144899960.629003,
        "Net Income From Continuing And Discontinued Operation": -490515000.0,
        "Total Expenses": 1258295000.0,
        "Total Operating Income As Reported": -539643000.0,
        "Diluted Average Shares": 107344087.0,
        "Basic Average Shares": 107344087.0,
        "Diluted EPS": -4.6,
        "Basic EPS": -4.6,
        "Diluted NI Availto Com Stockholders": -490515000.0,
        "Net Income Common Stockholders": -490515000.0,
        "Net Income": -490515000.0,
        "Minority Interests": 4011000.0,
        "Net Income Including Noncontrolling Interests": -494526000.0,
        "Net Income Continuous Operations": -494526000.0,
        "Tax Provision": -2896000.0,
        "Pretax Income": -497422000.0,
        "Other Income Expense": -327581000.0,
        "Other Non Operating Income Expenses": 15612000.0,
        "Special Income Charges": NaN,
        "Write Off": NaN,
        "Earnings From Equity Interest": 4446000.0,
        "Gain On Sale Of Security": 6400000.0,
        "Net Non Operating Interest Income Expense": 15763000.0,
        "Total Other Finance Cost": NaN,
        "Interest Income Non Operating": 15763000.0,
        "Operating Income": -185604000.0,
        "Operating Expense": 975747000.0,
        "Other Operating Expenses": 62741000.0,
        "Research And Development": 36851000.0,
        "Selling General And Administration": 876155000.0,
        "Selling And Marketing Expense": 717439000.0,
        "General And Administrative Expense": 158716000.0,
        "Other Gand A": 158716000.0,
        "Salaries And Wages": NaN,
        "Gross Profit": 790143000.0,
        "Cost Of Revenue": 282548000.0,
        "Total Revenue": 1072691000.0,
        "Operating Revenue": 1072691000.0
    },
    "2024-03-31": {
        "Tax Effect Of Unusual Items": -137523.419683,
        "Tax Rate For Calcs": 0.018017,
        "Normalized EBITDA": -150085000.0,
        "Total Unusual Items": -7633000.0,
        "Total Unusual Items Excluding Goodwill": -7633000.0,
        "Net Income From Continuing Operation Net Minority Interest": -124599000.0,
        "Reconciled Cost Of Revenue": 172407000.0,
        "EBITDA": -157718000.0,
        "EBIT": -157718000.0,
        "Net Interest Income": 28612000.0,
        "Interest Income": 28612000.0,
        "Normalized Income": -117103523.419683,
        "Net Income From Continuing And Discontinued Operation": -124599000.0,
        "Total Expenses": 931073000.0,
        "Total Operating Income As Reported": -157718000.0,
        "Diluted Average Shares": 107057802.0,
        "Basic Average Shares": 107057802.0,
        "Diluted EPS": -1.2,
        "Basic EPS": -1.2,
        "Diluted NI Availto Com Stockholders": -124599000.0,
        "Net Income Common Stockholders": -124599000.0,
        "Net Income": -124599000.0,
        "Minority Interests": 268000.0,
        "Net Income Including Noncontrolling Interests": -124867000.0,
        "Net Income Continuous Operations": -124867000.0,
        "Tax Provision": -2291000.0,
        "Pretax Income": -127158000.0,
        "Other Income Expense": 1948000.0,
        "Other Non Operating Income Expenses": 6305000.0,
        "Special Income Charges": NaN,
        "Write Off": NaN,
        "Earnings From Equity Interest": 3276000.0,
        "Gain On Sale Of Security": -7633000.0,
        "Net Non Operating Interest Income Expense": 28612000.0,
        "Total Other Finance Cost": NaN,
        "Interest Income Non Operating": 28612000.0,
        "Operating Income": -157718000.0,
        "Operating Expense": 758666000.0,
        "Other Operating Expenses": 51448000.0,
        "Research And Development": 27926000.0,
        "Selling General And Administration": 679292000.0,
        "Selling And Marketing Expense": 539193000.0,
        "General And Administrative Expense": 140099000.0,
        "Other Gand A": 140099000.0,
        "Salaries And Wages": NaN,
        "Gross Profit": 600948000.0,
        "Cost Of Revenue": 172407000.0,
        "Total Revenue": 773355000.0,
        "Operating Revenue": 773355000.0
    }
}