{
    "2023-03-31": {
        "Tax Effect Of Unusual Items": NaN,
        "Tax Rate For Calcs": NaN,
        "Normalized EBITDA": NaN,
        "Total Unusual Items": 153959000.0,
        "Total Unusual Items Excluding Goodwill": 153959000.0,
        "Net Income From Continuing Operation Net Minority Interest": NaN,
        "Reconciled Depreciation": NaN,
        "Reconciled Cost Of Revenue": NaN,
        "EBITDA": NaN,
        "EBIT": NaN,
        "Net Interest Income": NaN,
        "Interest Expense": NaN,
        "Interest Income": NaN,
        "Normalized Income": NaN,
        "Net Income From Continuing And Discontinued Operation": NaN,
        "Total Expenses": NaN,
        "Total Operating Income As Reported": NaN,
        "Diluted Average Shares": 66733713.0,
        "Basic Average Shares": 63589692.0,
        "Diluted EPS": 0.09,
        "Basic EPS": 0.1,
        "Diluted NI Availto Com Stockholders": NaN,
        "Net Income Common Stockholders": NaN,
        "Net Income": NaN,
        "Minority Interests": NaN,
        "Net Income Including Noncontrolling Interests": NaN,
        "Net Income Continuous Operations": NaN,
        "Tax Provision": NaN,
        "Pretax Income": NaN,
        "Other Income Expense": NaN,
        "Other Non Operating Income Expenses": NaN,
        "Special Income Charges": 146304000.0,
        "Other Special Charges": NaN,
        "Write Off": 0.0,
        "Earnings From Equity Interest": 0.0,
        "Net Non Operating Interest Income Expense": NaN,
        "Interest Expense Non Operating": NaN,
        "Interest Income Non Operating": NaN,
        "Operating Income": NaN,
        "Operating Expense": NaN,
        "Other Operating Expenses": NaN,
        "Depreciation Amortization Depletion Income Statement": NaN,
        "Depreciation And Amortization In Income Statement": NaN,
        "Selling General And Administration": NaN,
        "Selling And Marketing Expense": NaN,
        "General And Administrative Expense": NaN,
        "Salaries And Wages": NaN,
        "Gross Profit": NaN,
        "Cost Of Revenue": NaN,
        "Total Revenue": NaN,
        "Operating Revenue": NaN
    },
    "2022-12-31": {
        "Tax Effect Of Unusual Items": NaN,
        "Tax Rate For Calcs": NaN,
        "Normalized EBITDA": NaN,
        "Total Unusual Items": NaN,
        "Total Unusual Items Excluding Goodwill": NaN,
        "Net Income From Continuing Operation Net Minority Interest": NaN,
        "Reconciled Depreciation": NaN,
        "Reconciled Cost Of Revenue": NaN,
        "EBITDA": NaN,
        "EBIT": NaN,
        "Net Interest Income": NaN,
        "Interest Expense": NaN,
        "Interest Income": NaN,
        "Normalized Income": NaN,
        "Net Income From Continuing And Discontinued Operation": NaN,
        "Total Expenses": NaN,
        "Total Operating Income As Reported": NaN,
        "Diluted Average Shares": NaN,
        "Basic Average Shares": NaN,
        "Diluted EPS": NaN,
        "Basic EPS": NaN,
        "Diluted NI Availto Com Stockholders": NaN,
        "Net Income Common Stockholders": NaN,
        "Net Income": NaN,
        "Minority Interests": NaN,
        "Net Income Including Noncontrolling Interests": NaN,
        "Net Income Continuous Operations": NaN,
        "Tax Provision": NaN,
        "Pretax Income": NaN,
        "Other Income Expense": NaN,
        "Other Non Operating Income Expenses": NaN,
        "Special Income Charges": NaN,
        "Other Special Charges": 3249000.0,
        "Write Off": NaN,
        "Earnings From Equity Interest": 0.0,
        "Net Non Operating Interest Income Expense": NaN,
        "Interest Expense Non Operating": NaN,
        "Interest Income Non Operating": NaN,
        "Operating Income": NaN,
        "Operating Expense": NaN,
        "Other Operating Expenses": NaN,
        "Depreciation Amortization Depletion Income Statement": NaN,
        "Depreciation And Amortization In Income Statement": NaN,
        "Selling General And Administration": NaN,
        "Selling And Marketing Expense": NaN,
        "General And Administrative Expense": NaN,
        "Salaries And Wages": NaN,
        "Gross Profit": NaN,
        "Cost Of Revenue": NaN,
        "Total Revenue": NaN,
        "Operating Revenue": NaN
    },
    "2022-09-30": {
        "Tax Effect Of Unusual Items": NaN,
        "Tax Rate For Calcs": NaN,
        "Normalized EBITDA": NaN,
        "Total Unusual Items": NaN,
        "Total Unusual Items Excluding Goodwill": NaN,
        "Net Income From Continuing Operation Net Minority Interest": NaN,
        "Reconciled Depreciation": NaN,
        "Reconciled Cost Of Revenue": NaN,
        "EBITDA": NaN,
        "EBIT": NaN,
        "Net Interest Income": NaN,
        "Interest Expense": NaN,
        "Interest Income": NaN,
        "Normalized Income": NaN,
        "Net Income From Continuing And Discontinued Operation": NaN,
        "Total Expenses": NaN,
        "Total Operating Income As Reported": NaN,
        "Diluted Average Shares": NaN,
        "Basic Average Shares": NaN,
        "Diluted EPS": NaN,
        "Basic EPS": NaN,
        "Diluted NI Availto Com Stockholders": NaN,
        "Net Income Common Stockholders": NaN,
        "Net Income": NaN,
        "Minority Interests": NaN,
        "Net Income Including Noncontrolling Interests": NaN,
        "Net Income Continuous Operations": NaN,
        "Tax Provision": NaN,
        "Pretax Income": NaN,
        "Other Income Expense": NaN,
        "Other Non Operating Income Expenses": NaN,
        "Special Income Charges": NaN,
        "Other Special Charges": 6293000.0,
        "Write Off": NaN,
        "Earnings From Equity Interest": 0.0,
        "Net Non Operating Interest Income Expense": NaN,
        "Interest Expense Non Operating": NaN,
        "Interest Income Non Operating": NaN,
        "Operating Income": NaN,
        "Operating Expense": NaN,
        "Other Operating Expenses": NaN,
        "Depreciation Amortization Depletion Income Statement": NaN,
        "Depreciation And Amortization In Income Statement": NaN,
        "Selling General And Administration": NaN,
        "Selling And Marketing Expense": NaN,
        "General And Administrative Expense": NaN,
        "Salaries And Wages": NaN,
        "Gross Profit": NaN,
        "Cost Of Revenue": NaN,
        "Total Revenue": NaN,
        "Operating Revenue": NaN
    },
    "2022-06-30": {
        "Tax Effect Of Unusual Items": -4656000.0,
        "Tax Rate For Calcs": 0.4,
        "Normalized EBITDA": 99376000.0,
        "Total Unusual Items": -11640000.0,
        "Total Unusual Items Excluding Goodwill": -11640000.0,
        "Net Income From Continuing Operation Net Minority Interest": -7725000.0,
        "Reconciled Depreciation": 55144000.0,
        "Reconciled Cost Of Revenue": 146715000.0,
        "EBITDA": 87736000.0,
        "EBIT": 32592000.0,
        "Net Interest Income": -20383000.0,
        "Interest Expense": 30704000.0,
        "Interest Income": 10321000.0,
        "Normalized Income": -741000.0,
        "Net Income From Continuing And Discontinued Operation": -7725000.0,
        "Total Expenses": 884779000.0,
        "Total Operating Income As Reported": 32911000.0,
        "Diluted Average Shares": 62639673.0,
        "Basic Average Shares": 62639673.0,
        "Diluted EPS": -0.12,
        "Basic EPS": -0.12,
        "Diluted NI Availto Com Stockholders": -7725000.0,
        "Net Income Common Stockholders": -7725000.0,
        "Net Income": -7725000.0,
        "Minority Interests": -760000.0,
        "Net Income Including Noncontrolling Interests": -6965000.0,
        "Net Income Continuous Operations": -6965000.0,
        "Tax Provision": 8853000.0,
        "Pretax Income": 1888000.0,
        "Other Income Expense": 8004000.0,
        "Other Non Operating Income Expenses": 19644000.0,
        "Special Income Charges": -11640000.0,
        "Other Special Charges": 10640000.0,
        "Write Off": 1000000.0,
        "Restructuring And Mergern Acquisition": 10640000.0,
        "Earnings From Equity Interest": 0.0,
        "Net Non Operating Interest Income Expense": -20383000.0,
        "Interest Expense Non Operating": 30704000.0,
        "Interest Income Non Operating": 10321000.0,
        "Operating Income": 14267000.0,
        "Operating Expense": 738064000.0,
        "Other Operating Expenses": 382123000.0,
        "Depreciation Amortization Depletion Income Statement": 55144000.0,
        "Depreciation And Amortization In Income Statement": 55144000.0,
        "Selling General And Administration": 300797000.0,
        "Selling And Marketing Expense": 30899000.0,
        "General And Administrative Expense": 269898000.0,
        "Salaries And Wages": 269898000.0,
        "Gross Profit": 752331000.0,
        "Cost Of Revenue": 146715000.0,
        "Total Revenue": 899046000.0,
        "Operating Revenue": 813924000.0
    },
    "2022-03-31": {
        "Diluted EPS": -0.02,
        "Total Revenue": 8,
        "Gross Profit": 8,
        "Operating Income": -1,
        "EBIT": -1,
        "Net Income": -1
    },
    "2021-12-31": {
        "Diluted EPS": -0.03,
        "Total Revenue": 8,
        "Gross Profit": 8,
        "Operating Income": -2,
        "EBIT": -2,
        "Net Income": -2
    },
    "2021-09-30": {
        "Diluted EPS": -0.03,
        "Total Revenue": 6,
        "Gross Profit": 6,
        "Operating Income": -2,
        "EBIT": -2,
        "Net Income": -2
    },
    "2021-06-30": {
        "Diluted EPS": -0.02,
        "Total Revenue": 4,
        "Gross Profit": 4,
        "Operating Income": -1,
        "EBIT": -1,
        "Net Income": -1
    },
    "2021-03-31": {
        "Diluted EPS": -0.14,
        "Total Revenue": 7,
        "Gross Profit": 7,
        "Operating Income": -7,
        "EBIT": -7,
        "Net Income": -8
    },
    "2020-12-31": {
        "Diluted EPS": -0.05,
        "Total Revenue": 4,
        "Gross Profit": 4,
        "Operating Income": -3,
        "EBIT": -3,
        "Net Income": -3
    },
    "2020-09-30": {
        "Diluted EPS": -0.07,
        "Total Revenue": 4,
        "Gross Profit": 4,
        "Operating Income": -4,
        "EBIT": -4,
        "Net Income": -4
    },
    "2020-06-30": {
        "Diluted EPS": -0.02,
        "Total Revenue": 3,
        "Gross Profit": 3,
        "Operating Income": -6,
        "EBIT": -6,
        "Net Income": -1
    },
    "2019-12-31": {
        "Diluted EPS": 0.03,
        "Total Revenue": 28,
        "Gross Profit": 28,
        "Operating Income": 0,
        "EBIT": 0,
        "Net Income": 2
    },
    "2019-09-30": {
        "Diluted EPS": -0.12,
        "Total Revenue": 25,
        "Gross Profit": 25,
        "Operating Income": -3,
        "EBIT": -3,
        "Net Income": -6
    },
    "2018-09-30": {
        "Diluted EPS": -0.05,
        "Total Revenue": 28,
        "Gross Profit": 28,
        "Operating Income": -13,
        "EBIT": -13,
        "Net Income": -2
    },
    "2018-03-31": {
        "Diluted EPS": -0.13,
        "Total Revenue": 49,
        "Gross Profit": 49,
        "Operating Income": -18,
        "EBIT": -16,
        "Net Income": -5
    },
    "2017-12-31": {
        "Diluted EPS": 0.1,
        "Total Revenue": 53,
        "Gross Profit": 53,
        "Operating Income": -10,
        "EBIT": -8,
        "Net Income": 4
    },
    "2017-09-30": {
        "Diluted EPS": -0.34,
        "Total Revenue": 39,
        "Gross Profit": 39,
        "Operating Income": -9,
        "EBIT": -7,
        "Net Income": -12
    },
    "2017-06-30": {
        "Diluted EPS": -1.42,
        "Total Revenue": 47,
        "Gross Profit": 47,
        "Operating Income": -15,
        "EBIT": -14,
        "Net Income": -48
    },
    "2017-03-31": {
        "Diluted EPS": -0.02,
        "Total Revenue": 41,
        "Gross Profit": 41,
        "Operating Income": -18,
        "EBIT": -16,
        "Net Income": -16
    },
    "2016-12-31": {
        "Diluted EPS": -2.92,
        "Total Revenue": 35,
        "Gross Profit": 35,
        "Operating Income": -4,
        "EBIT": -3,
        "Net Income": -68
    },
    "2016-09-30": {
        "Diluted EPS": -0.71,
        "Total Revenue": 29,
        "Gross Profit": 29,
        "Operating Income": -6,
        "EBIT": -5,
        "Net Income": -6
    },
    "2016-06-30": {
        "Diluted EPS": -0.03,
        "Total Revenue": 39,
        "Gross Profit": 39,
        "Operating Income": -1,
        "EBIT": 0,
        "Net Income": -1
    },
    "2016-03-31": {
        "Diluted EPS": -0.23,
        "Total Revenue": 30,
        "Gross Profit": 30,
        "Operating Income": 30,
        "EBIT": 30,
        "Net Income": -5
    },
    "2015-12-31": {
        "Diluted EPS": -0.2,
        "Total Revenue": 34,
        "Gross Profit": 34,
        "Operating Income": 34,
        "EBIT": 34,
        "Net Income": -4
    },
    "2023-06-30": {
        "Tax Effect Of Unusual Items": 0.0,
        "Tax Rate For Calcs": 0.3,
        "Normalized EBITDA": 123444000.0,
        "Total Unusual Items": 0.0,
        "Total Unusual Items Excluding Goodwill": 0.0,
        "Net Income From Continuing Operation Net Minority Interest": -24796000.0,
        "Reconciled Depreciation": 48271000.0,
        "Reconciled Cost Of Revenue": 219020000.0,
        "EBITDA": 123444000.0,
        "EBIT": 75173000.0,
        "Net Interest Income": -76969000.0,
        "Interest Expense": 85438000.0,
        "Interest Income": 8469000.0,
        "Normalized Income": -24796000.0,
        "Net Income From Continuing And Discontinued Operation": -24796000.0,
        "Total Expenses": 1069909000.0,
        "Total Operating Income As Reported": 52721000.0,
        "Diluted Average Shares": 63737318.0,
        "Basic Average Shares": 63737220.0,
        "Diluted EPS": -0.39,
        "Basic EPS": -0.39,
        "Diluted NI Availto Com Stockholders": -24796000.0,
        "Net Income Common Stockholders": -24796000.0,
        "Net Income": -24796000.0,
        "Minority Interests": -852000.0,
        "Net Income Including Noncontrolling Interests": -23944000.0,
        "Net Income Continuous Operations": -23944000.0,
        "Tax Provision": 13679000.0,
        "Pretax Income": -10265000.0,
        "Other Income Expense": 30796000.0,
        "Other Non Operating Income Expenses": 30796000.0,
        "Special Income Charges": 0.0,
        "Other Special Charges": -13983000.0,
        "Write Off": 0.0,
        "Earnings From Equity Interest": 0.0,
        "Net Non Operating Interest Income Expense": -76969000.0,
        "Interest Expense Non Operating": 85438000.0,
        "Interest Income Non Operating": 8469000.0,
        "Operating Income": 35908000.0,
        "Operating Expense": 850889000.0,
        "Other Operating Expenses": 395802000.0,
        "Depreciation Amortization Depletion Income Statement": 48271000.0,
        "Depreciation And Amortization In Income Statement": 48271000.0,
        "Selling General And Administration": 406816000.0,
        "Selling And Marketing Expense": 131017000.0,
        "General And Administrative Expense": 275799000.0,
        "Salaries And Wages": 275799000.0,
        "Gross Profit": 886797000.0,
        "Cost Of Revenue": 219020000.0,
        "Total Revenue": 1105817000.0,
        "Operating Revenue": 968642000.0
    },
    "2023-09-30": {
        "Tax Effect Of Unusual Items": 0.0,
        "Tax Rate For Calcs": 0.3,
        "Normalized EBITDA": -133096000.0,
        "Total Unusual Items": 0.0,
        "Total Unusual Items Excluding Goodwill": 0.0,
        "Net Income From Continuing Operation Net Minority Interest": -269396000.0,
        "Reconciled Depreciation": 48230000.0,
        "Reconciled Cost Of Revenue": 166125000.0,
        "EBITDA": -133096000.0,
        "EBIT": -181326000.0,
        "Net Interest Income": -74425000.0,
        "Interest Expense": 81918000.0,
        "Interest Income": 7493000.0,
        "Normalized Income": -269396000.0,
        "Net Income From Continuing And Discontinued Operation": -269396000.0,
        "Total Expenses": 1092952000.0,
        "Total Operating Income As Reported": -120598000.0,
        "Diluted Average Shares": 63955457.0,
        "Basic Average Shares": 63955457.0,
        "Diluted EPS": -4.21,
        "Basic EPS": -4.21,
        "Diluted NI Availto Com Stockholders": -269396000.0,
        "Net Income Common Stockholders": -269396000.0,
        "Net Income": -269396000.0,
        "Minority Interests": 3466000.0,
        "Net Income Including Noncontrolling Interests": -272862000.0,
        "Net Income Continuous Operations": -272862000.0,
        "Tax Provision": 9618000.0,
        "Pretax Income": -263244000.0,
        "Other Income Expense": -43441000.0,
        "Other Non Operating Income Expenses": -43441000.0,
        "Special Income Charges": 0.0,
        "Other Special Charges": NaN,
        "Write Off": 0.0,
        "Earnings From Equity Interest": NaN,
        "Net Non Operating Interest Income Expense": -74425000.0,
        "Interest Expense Non Operating": 81918000.0,
        "Interest Income Non Operating": 7493000.0,
        "Operating Income": -145378000.0,
        "Operating Expense": 926827000.0,
        "Other Operating Expenses": 369004000.0,
        "Depreciation Amortization Depletion Income Statement": 48230000.0,
        "Depreciation And Amortization In Income Statement": 48230000.0,
        "Selling General And Administration": 509593000.0,
        "Selling And Marketing Expense": 123311000.0,
        "General And Administrative Expense": 386282000.0,
        "Salaries And Wages": 386282000.0,
        "Gross Profit": 781449000.0,
        "Cost Of Revenue": 166125000.0,
        "Total Revenue": 947574000.0,
        "Operating Revenue": 803239000.0
    },
    "2023-12-31": {
        "Tax Effect Of Unusual Items": 0.0,
        "Tax Rate For Calcs": 0.3,
        "Normalized EBITDA": 75443000.0,
        "Total Unusual Items": 0.0,
        "Total Unusual Items Excluding Goodwill": 0.0,
        "Net Income From Continuing Operation Net Minority Interest": -28500000.0,
        "Reconciled Depreciation": 46877000.0,
        "Reconciled Cost Of Revenue": 273628000.0,
        "EBITDA": 75443000.0,
        "EBIT": 28566000.0,
        "Net Interest Income": 30729000.0,
        "Interest Expense": 56050000.0,
        "Interest Income": 86779000.0,
        "Normalized Income": -28500000.0,
        "Net Income From Continuing And Discontinued Operation": -28500000.0,
        "Total Expenses": 1181598000.0,
        "Total Operating Income As Reported": -58213000.0,
        "Diluted Average Shares": 64009472.0,
        "Basic Average Shares": 64009472.0,
        "Diluted EPS": -0.45,
        "Basic EPS": -0.45,
        "Diluted NI Availto Com Stockholders": -28500000.0,
        "Net Income Common Stockholders": -28500000.0,
        "Net Income": -28500000.0,
        "Minority Interests": 10957000.0,
        "Net Income Including Noncontrolling Interests": -39457000.0,
        "Net Income Continuous Operations": -39457000.0,
        "Tax Provision": 11973000.0,
        "Pretax Income": -27484000.0,
        "Other Income Expense": 11338000.0,
        "Other Non Operating Income Expenses": 11338000.0,
        "Special Income Charges": 0.0,
        "Other Special Charges": NaN,
        "Write Off": 0.0,
        "Earnings From Equity Interest": NaN,
        "Net Non Operating Interest Income Expense": 30729000.0,
        "Interest Expense Non Operating": 56050000.0,
        "Interest Income Non Operating": 86779000.0,
        "Operating Income": -69551000.0,
        "Operating Expense": 907970000.0,
        "Other Operating Expenses": 422281000.0,
        "Depreciation Amortization Depletion Income Statement": 46877000.0,
        "Depreciation And Amortization In Income Statement": 46877000.0,
        "Selling General And Administration": 438812000.0,
        "Selling And Marketing Expense": 104276000.0,
        "General And Administrative Expense": 334536000.0,
        "Salaries And Wages": 334536000.0,
        "Gross Profit": 838419000.0,
        "Cost Of Revenue": 273628000.0,
        "Total Revenue": 1112047000.0,
        "Operating Revenue": 942792000.0
    },
    "2024-03-31": {
        "Tax Effect Of Unusual Items": 38398500.0,
        "Tax Rate For Calcs": 0.3,
        "Normalized EBITDA": -86233000.0,
        "Total Unusual Items": 127995000.0,
        "Total Unusual Items Excluding Goodwill": 127995000.0,
        "Net Income From Continuing Operation Net Minority Interest": -28255000.0,
        "Reconciled Depreciation": 54150000.0,
        "Reconciled Cost Of Revenue": 207266000.0,
        "EBITDA": 41762000.0,
        "EBIT": -12388000.0,
        "Net Interest Income": 25170000.0,
        "Interest Expense": 15950000.0,
        "Interest Income": 67973000.0,
        "Normalized Income": -117851500.0,
        "Net Income From Continuing And Discontinued Operation": -28255000.0,
        "Total Expenses": 1154198000.0,
        "Total Operating Income As Reported": -32719000.0,
        "Diluted Average Shares": NaN,
        "Basic Average Shares": NaN,
        "Diluted EPS": NaN,
        "Basic EPS": NaN,
        "Diluted NI Availto Com Stockholders": -28255000.0,
        "Net Income Common Stockholders": -28255000.0,
        "Net Income": -28255000.0,
        "Minority Interests": 1988000.0,
        "Net Income Including Noncontrolling Interests": -30243000.0,
        "Net Income Continuous Operations": -30243000.0,
        "Tax Provision": 1905000.0,
        "Pretax Income": -28338000.0,
        "Other Income Expense": 76229000.0,
        "Other Non Operating Income Expenses": -51766000.0,
        "Special Income Charges": 148785000.0,
        "Other Special Charges": NaN,
        "Write Off": -47588000.0,
        "Earnings From Equity Interest": NaN,
        "Net Non Operating Interest Income Expense": 25170000.0,
        "Interest Expense Non Operating": 15950000.0,
        "Interest Income Non Operating": 67973000.0,
        "Operating Income": -129738000.0,
        "Operating Expense": 946932000.0,
        "Other Operating Expenses": -189759000.0,
        "Depreciation Amortization Depletion Income Statement": 54150000.0,
        "Depreciation And Amortization In Income Statement": 54150000.0,
        "Selling General And Administration": 1079935000.0,
        "Selling And Marketing Expense": 101331000.0,
        "General And Administrative Expense": 978604000.0,
        "Salaries And Wages": 351598000.0,
        "Gross Profit": 817194000.0,
        "Cost Of Revenue": 207266000.0,
        "Total Revenue": 1024460000.0,
        "Operating Revenue": 869125000.0
    },
    "2024-06-30": {
        "Tax Effect Of Unusual Items": 0.0,
        "Tax Rate For Calcs": 0.3,
        "Normalized EBITDA": 92612000.0,
        "Total Unusual Items": NaN,
        "Total Unusual Items Excluding Goodwill": NaN,
        "Net Income From Continuing Operation Net Minority Interest": -25492000.0,
        "Reconciled Depreciation": 60922000.0,
        "Reconciled Cost Of Revenue": 203954000.0,
        "EBITDA": 92612000.0,
        "EBIT": 31690000.0,
        "Net Interest Income": 37208000.0,
        "Interest Expense": 28606000.0,
        "Interest Income": 65814000.0,
        "Normalized Income": -25492000.0,
        "Net Income From Continuing And Discontinued Operation": -25492000.0,
        "Total Expenses": 1096440000.0,
        "Total Operating Income As Reported": -34124000.0,
        "Diluted Average Shares": 61887848.0,
        "Basic Average Shares": 61887848.0,
        "Diluted EPS": -0.41,
        "Basic EPS": -0.41,
        "Diluted NI Availto Com Stockholders": -25492000.0,
        "Net Income Common Stockholders": -25492000.0,
        "Net Income": -25492000.0,
        "Minority Interests": -24729000.0,
        "Net Income Including Noncontrolling Interests": -763000.0,
        "Net Income Continuous Operations": -763000.0,
        "Tax Provision": 3847000.0,
        "Pretax Income": 3084000.0,
        "Other Income Expense": 11598000.0,
        "Other Non Operating Income Expenses": 11598000.0,
        "Special Income Charges": NaN,
        "Other Special Charges": NaN,
        "Write Off": NaN,
        "Earnings From Equity Interest": NaN,
        "Net Non Operating Interest Income Expense": 37208000.0,
        "Interest Expense Non Operating": 28606000.0,
        "Interest Income Non Operating": 65814000.0,
        "Operating Income": -45722000.0,
        "Operating Expense": 892486000.0,
        "Other Operating Expenses": 380158000.0,
        "Depreciation Amortization Depletion Income Statement": 60922000.0,
        "Depreciation And Amortization In Income Statement": 60922000.0,
        "Selling General And Administration": 451406000.0,
        "Selling And Marketing Expense": 92157000.0,
        "General And Administrative Expense": 359249000.0,
        "Salaries And Wages": 359249000.0,
        "Gross Profit": 846764000.0,
        "Cost Of Revenue": 203954000.0,
        "Total Revenue": 1050718000.0,
        "Operating Revenue": 907832000.0
    }
}