{
    "2023-03-31": {
        "Tax Effect Of Unusual Items": -1701000.0,
        "Tax Rate For Calcs": 0.189,
        "Normalized EBITDA": 288000000.0,
        "Total Unusual Items": -9000000.0,
        "Total Unusual Items Excluding Goodwill": -9000000.0,
        "Net Income From Continuing Operation Net Minority Interest": 150000000.0,
        "Reconciled Depreciation": 44000000.0,
        "Reconciled Cost Of Revenue": 720000000.0,
        "EBITDA": 279000000.0,
        "EBIT": 235000000.0,
        "Net Interest Income": -37000000.0,
        "Normalized Income": 157299000.0,
        "Net Income From Continuing And Discontinued Operation": 150000000.0,
        "Total Expenses": 1170000000.0,
        "Total Operating Income As Reported": 225000000.0,
        "Diluted Average Shares": 51748069.0,
        "Basic Average Shares": 51420536.0,
        "Diluted EPS": 2.9,
        "Basic EPS": 2.92,
        "Diluted NI Availto Com Stockholders": 150000000.0,
        "Net Income Common Stockholders": 150000000.0,
        "Net Income": 150000000.0,
        "Net Income Including Noncontrolling Interests": 150000000.0,
        "Net Income Continuous Operations": 150000000.0,
        "Tax Provision": 35000000.0,
        "Pretax Income": 185000000.0,
        "Other Income Expense": -13000000.0,
        "Other Non Operating Income Expenses": -4000000.0,
        "Special Income Charges": -10000000.0,
        "Restructuring And Mergern Acquisition": 10000000.0,
        "Gain On Sale Of Security": 1000000.0,
        "Net Non Operating Interest Income Expense": -37000000.0,
        "Total Other Finance Cost": 37000000.0,
        "Operating Income": 235000000.0,
        "Operating Expense": 432000000.0,
        "Depreciation Amortization Depletion Income Statement": 26000000.0,
        "Depreciation And Amortization In Income Statement": 26000000.0,
        "Amortization": 26000000.0,
        "Amortization Of Intangibles Income Statement": 26000000.0,
        "Research And Development": 146000000.0,
        "Selling General And Administration": 260000000.0,
        "Selling And Marketing Expense": 161000000.0,
        "General And Administrative Expense": 99000000.0,
        "Other Gand A": 99000000.0,
        "Gross Profit": 667000000.0,
        "Cost Of Revenue": 738000000.0,
        "Total Revenue": 1405000000.0,
        "Operating Revenue": 1405000000.0
    },
    "2022-12-31": {
        "Tax Effect Of Unusual Items": -3466666.666667,
        "Tax Rate For Calcs": 0.173333,
        "Normalized EBITDA": 338000000.0,
        "Total Unusual Items": -20000000.0,
        "Total Unusual Items Excluding Goodwill": -20000000.0,
        "Net Income From Continuing Operation Net Minority Interest": 186000000.0,
        "Reconciled Depreciation": 46000000.0,
        "Reconciled Cost Of Revenue": 801000000.0,
        "EBITDA": 318000000.0,
        "EBIT": 272000000.0,
        "Net Interest Income": -25000000.0,
        "Normalized Income": 202533333.333333,
        "Net Income From Continuing And Discontinued Operation": 186000000.0,
        "Total Expenses": 1231000000.0,
        "Total Operating Income As Reported": 260000000.0,
        "Diluted Average Shares": 51942060.0,
        "Basic Average Shares": 51645205.0,
        "Diluted EPS": 3.57,
        "Basic EPS": 3.59,
        "Diluted NI Availto Com Stockholders": 186000000.0,
        "Net Income Common Stockholders": 186000000.0,
        "Net Income": 186000000.0,
        "Net Income Including Noncontrolling Interests": 186000000.0,
        "Net Income Continuous Operations": 186000000.0,
        "Tax Provision": 39000000.0,
        "Pretax Income": 225000000.0,
        "Other Income Expense": -22000000.0,
        "Other Non Operating Income Expenses": -2000000.0,
        "Special Income Charges": -12000000.0,
        "Other Special Charges": 0.0,
        "Restructuring And Mergern Acquisition": 12000000.0,
        "Gain On Sale Of Security": -8000000.0,
        "Net Non Operating Interest Income Expense": -25000000.0,
        "Total Other Finance Cost": 25000000.0,
        "Operating Income": 272000000.0,
        "Operating Expense": 413000000.0,
        "Depreciation Amortization Depletion Income Statement": 29000000.0,
        "Depreciation And Amortization In Income Statement": 29000000.0,
        "Amortization": 29000000.0,
        "Amortization Of Intangibles Income Statement": 29000000.0,
        "Research And Development": 142000000.0,
        "Selling General And Administration": 242000000.0,
        "Selling And Marketing Expense": 155000000.0,
        "General And Administrative Expense": 87000000.0,
        "Other Gand A": 87000000.0,
        "Gross Profit": 685000000.0,
        "Cost Of Revenue": 818000000.0,
        "Total Revenue": 1503000000.0,
        "Operating Revenue": 1503000000.0
    },
    "2022-09-30": {
        "Tax Effect Of Unusual Items": -702000.0,
        "Tax Rate For Calcs": 0.234,
        "Normalized EBITDA": 263000000.0,
        "Total Unusual Items": -3000000.0,
        "Total Unusual Items Excluding Goodwill": -3000000.0,
        "Net Income From Continuing Operation Net Minority Interest": 170000000.0,
        "Reconciled Depreciation": 55000000.0,
        "Reconciled Cost Of Revenue": 734000000.0,
        "EBITDA": 260000000.0,
        "EBIT": 205000000.0,
        "Net Interest Income": 21000000.0,
        "Normalized Income": 172298000.0,
        "Net Income From Continuing And Discontinued Operation": 170000000.0,
        "Total Expenses": 1173000000.0,
        "Total Operating Income As Reported": 202000000.0,
        "Diluted Average Shares": 52157852.0,
        "Basic Average Shares": 51834236.0,
        "Diluted EPS": 3.26,
        "Basic EPS": 3.28,
        "Diluted NI Availto Com Stockholders": 170000000.0,
        "Net Income Common Stockholders": 170000000.0,
        "Net Income": 170000000.0,
        "Net Income Including Noncontrolling Interests": 170000000.0,
        "Net Income Continuous Operations": 170000000.0,
        "Tax Provision": 52000000.0,
        "Pretax Income": 222000000.0,
        "Other Income Expense": -4000000.0,
        "Other Non Operating Income Expenses": -1000000.0,
        "Special Income Charges": -3000000.0,
        "Other Special Charges": NaN,
        "Restructuring And Mergern Acquisition": 3000000.0,
        "Gain On Sale Of Security": NaN,
        "Net Non Operating Interest Income Expense": 21000000.0,
        "Total Other Finance Cost": -21000000.0,
        "Operating Income": 205000000.0,
        "Operating Expense": 423000000.0,
        "Depreciation Amortization Depletion Income Statement": 39000000.0,
        "Depreciation And Amortization In Income Statement": 39000000.0,
        "Amortization": 39000000.0,
        "Amortization Of Intangibles Income Statement": 39000000.0,
        "Research And Development": 143000000.0,
        "Selling General And Administration": 241000000.0,
        "Selling And Marketing Expense": 149000000.0,
        "General And Administrative Expense": 92000000.0,
        "Other Gand A": 92000000.0,
        "Gross Profit": 628000000.0,
        "Cost Of Revenue": 750000000.0,
        "Total Revenue": 1378000000.0,
        "Operating Revenue": 1378000000.0
    },
    "2022-06-30": {
        "Tax Effect Of Unusual Items": -140369000.0,
        "Tax Rate For Calcs": 0.359,
        "Normalized EBITDA": 685000000.0,
        "Total Unusual Items": -391000000.0,
        "Total Unusual Items Excluding Goodwill": -391000000.0,
        "Net Income From Continuing Operation Net Minority Interest": -98000000.0,
        "Reconciled Depreciation": 51000000.0,
        "Reconciled Cost Of Revenue": 778000000.0,
        "EBITDA": 294000000.0,
        "EBIT": 243000000.0,
        "Net Interest Income": -3000000.0,
        "Normalized Income": 152631000.0,
        "Net Income From Continuing And Discontinued Operation": -98000000.0,
        "Total Expenses": 1225000000.0,
        "Total Operating Income As Reported": -145000000.0,
        "Diluted Average Shares": 52138470.0,
        "Basic Average Shares": 52138470.0,
        "Diluted EPS": -1.87,
        "Basic EPS": -1.87,
        "Diluted NI Availto Com Stockholders": -98000000.0,
        "Net Income Common Stockholders": -98000000.0,
        "Net Income": -98000000.0,
        "Net Income Including Noncontrolling Interests": -98000000.0,
        "Net Income Continuous Operations": -98000000.0,
        "Tax Provision": -55000000.0,
        "Pretax Income": -153000000.0,
        "Other Income Expense": -393000000.0,
        "Other Non Operating Income Expenses": -2000000.0,
        "Special Income Charges": -388000000.0,
        "Other Special Charges": 372000000.0,
        "Restructuring And Mergern Acquisition": 16000000.0,
        "Gain On Sale Of Security": -3000000.0,
        "Net Non Operating Interest Income Expense": -3000000.0,
        "Total Other Finance Cost": 3000000.0,
        "Operating Income": 243000000.0,
        "Operating Expense": 431000000.0,
        "Depreciation Amortization Depletion Income Statement": 35000000.0,
        "Depreciation And Amortization In Income Statement": 35000000.0,
        "Amortization": 35000000.0,
        "Amortization Of Intangibles Income Statement": 35000000.0,
        "Research And Development": 148000000.0,
        "Selling General And Administration": 248000000.0,
        "Selling And Marketing Expense": 151000000.0,
        "General And Administrative Expense": 97000000.0,
        "Other Gand A": 97000000.0,
        "Gross Profit": 674000000.0,
        "Cost Of Revenue": 794000000.0,
        "Total Revenue": 1468000000.0,
        "Operating Revenue": 1468000000.0
    },
    "2023-06-30": {
        "Tax Effect Of Unusual Items": -3318000.0,
        "Tax Rate For Calcs": 0.158,
        "Normalized EBITDA": 275000000.0,
        "Total Unusual Items": -21000000.0,
        "Total Unusual Items Excluding Goodwill": -21000000.0,
        "Net Income From Continuing Operation Net Minority Interest": 144000000.0,
        "Reconciled Depreciation": 44000000.0,
        "Reconciled Cost Of Revenue": 615000000.0,
        "EBITDA": 254000000.0,
        "EBIT": 210000000.0,
        "Net Interest Income": -16000000.0,
        "Normalized Income": 161682000.0,
        "Net Income From Continuing And Discontinued Operation": 144000000.0,
        "Total Expenses": 1004000000.0,
        "Total Operating Income As Reported": 194000000.0,
        "Diluted Average Shares": 51707460.0,
        "Basic Average Shares": 51377064.0,
        "Diluted EPS": 2.78,
        "Basic EPS": 2.8,
        "Diluted NI Availto Com Stockholders": 144000000.0,
        "Net Income Common Stockholders": 144000000.0,
        "Net Income": 144000000.0,
        "Net Income Including Noncontrolling Interests": 144000000.0,
        "Net Income Continuous Operations": 144000000.0,
        "Tax Provision": 27000000.0,
        "Pretax Income": 171000000.0,
        "Other Income Expense": -23000000.0,
        "Other Non Operating Income Expenses": -2000000.0,
        "Special Income Charges": -16000000.0,
        "Restructuring And Mergern Acquisition": 16000000.0,
        "Gain On Sale Of Security": -5000000.0,
        "Net Non Operating Interest Income Expense": -16000000.0,
        "Total Other Finance Cost": 16000000.0,
        "Operating Income": 210000000.0,
        "Operating Expense": 371000000.0,
        "Depreciation Amortization Depletion Income Statement": 26000000.0,
        "Depreciation And Amortization In Income Statement": 26000000.0,
        "Amortization": 26000000.0,
        "Amortization Of Intangibles Income Statement": 26000000.0,
        "Research And Development": 130000000.0,
        "Selling General And Administration": 215000000.0,
        "Selling And Marketing Expense": 146000000.0,
        "General And Administrative Expense": 69000000.0,
        "Other Gand A": 69000000.0,
        "Gross Profit": 581000000.0,
        "Cost Of Revenue": 633000000.0,
        "Total Revenue": 1214000000.0,
        "Operating Revenue": 1214000000.0
    },
    "2022-03-31": {
        "Diluted EPS": 3.83,
        "Total Revenue": NaN,
        "Gross Profit": 637,
        "Operating Income": 212,
        "EBIT": 264,
        "Net Income": 205
    },
    "2021-12-31": {
        "Diluted EPS": 3.54,
        "Total Revenue": NaN,
        "Gross Profit": 669,
        "Operating Income": 223,
        "EBIT": 276,
        "Net Income": 191
    },
    "2021-09-30": {
        "Diluted EPS": 3.69,
        "Total Revenue": NaN,
        "Gross Profit": 646,
        "Operating Income": 237,
        "EBIT": 285,
        "Net Income": 199
    },
    "2021-06-30": {
        "Diluted EPS": 4.07,
        "Total Revenue": NaN,
        "Gross Profit": 658,
        "Operating Income": 247,
        "EBIT": 291,
        "Net Income": 219
    },
    "2021-03-31": {
        "Diluted EPS": 4.22,
        "Total Revenue": NaN,
        "Gross Profit": 655,
        "Operating Income": 272,
        "EBIT": 316,
        "Net Income": 228
    },
    "2020-12-31": {
        "Diluted EPS": 3.69,
        "Total Revenue": NaN,
        "Gross Profit": 618,
        "Operating Income": 231,
        "EBIT": 277,
        "Net Income": 199
    },
    "2020-09-30": {
        "Diluted EPS": 2.16,
        "Total Revenue": NaN,
        "Gross Profit": 493,
        "Operating Income": 150,
        "EBIT": 185,
        "Net Income": 116
    },
    "2020-06-30": {
        "Diluted EPS": 1.85,
        "Total Revenue": 956,
        "Gross Profit": 419,
        "Operating Income": 119,
        "EBIT": 153,
        "Net Income": 100
    },
    "2020-03-31": {
        "Diluted EPS": 1.65,
        "Total Revenue": NaN,
        "Gross Profit": 473,
        "Operating Income": 151,
        "EBIT": 185,
        "Net Income": 89
    },
    "2019-12-31": {
        "Diluted EPS": 3.09,
        "Total Revenue": NaN,
        "Gross Profit": 544,
        "Operating Income": 188,
        "EBIT": 224,
        "Net Income": 169
    },
    "2019-09-30": {
        "Diluted EPS": 2.5,
        "Total Revenue": NaN,
        "Gross Profit": 535,
        "Operating Income": 185,
        "EBIT": 233,
        "Net Income": 136
    },
    "2019-06-30": {
        "Diluted EPS": 2.26,
        "Total Revenue": NaN,
        "Gross Profit": 520,
        "Operating Income": 160,
        "EBIT": 209,
        "Net Income": 124
    },
    "2019-03-31": {
        "Diluted EPS": 2.12,
        "Total Revenue": NaN,
        "Gross Profit": 501,
        "Operating Income": 159,
        "EBIT": 207,
        "Net Income": 115
    },
    "2018-12-31": {
        "Diluted EPS": 2.12,
        "Total Revenue": NaN,
        "Gross Profit": 539,
        "Operating Income": 179,
        "EBIT": 226,
        "Net Income": 115
    },
    "2018-09-30": {
        "Diluted EPS": 2.34,
        "Total Revenue": NaN,
        "Gross Profit": 505,
        "Operating Income": 162,
        "EBIT": 210,
        "Net Income": 127
    },
    "2018-06-30": {
        "Diluted EPS": 1.29,
        "Total Revenue": NaN,
        "Gross Profit": 472,
        "Operating Income": 125,
        "EBIT": 175,
        "Net Income": 70
    },
    "2018-03-31": {
        "Diluted EPS": 2.01,
        "Total Revenue": 977,
        "Gross Profit": 465,
        "Operating Income": 144,
        "EBIT": 189,
        "Net Income": 109
    },
    "2017-12-31": {
        "Diluted EPS": 0.07,
        "Total Revenue": NaN,
        "Gross Profit": 469,
        "Operating Income": 133,
        "EBIT": 195,
        "Net Income": 4
    },
    "2017-09-30": {
        "Diluted EPS": -0.23,
        "Total Revenue": 935,
        "Gross Profit": 429,
        "Operating Income": 91,
        "EBIT": 179,
        "Net Income": -12
    },
    "2017-06-30": {
        "Diluted EPS": 0.32,
        "Total Revenue": 896,
        "Gross Profit": 411,
        "Operating Income": 58,
        "EBIT": 136,
        "Net Income": 17
    },
    "2017-03-31": {
        "Diluted EPS": 0.16,
        "Total Revenue": 865,
        "Gross Profit": 401,
        "Operating Income": 40,
        "EBIT": 113,
        "Net Income": 8
    },
    "2016-12-31": {
        "Diluted EPS": 0.34,
        "Total Revenue": 942,
        "Gross Profit": 432,
        "Operating Income": 71,
        "EBIT": 143,
        "Net Income": 17
    },
    "2016-09-30": {
        "Diluted EPS": -1.61,
        "Total Revenue": 904,
        "Gross Profit": 414,
        "Operating Income": -24,
        "EBIT": 128,
        "Net Income": -83
    },
    "2016-06-30": {
        "Diluted EPS": -0.88,
        "Total Revenue": 879,
        "Gross Profit": 406,
        "Operating Income": 23,
        "EBIT": 106,
        "Net Income": -45
    },
    "2016-03-31": {
        "Diluted EPS": -0.5,
        "Total Revenue": 849,
        "Gross Profit": 390,
        "Operating Income": 10,
        "EBIT": 92,
        "Net Income": -26
    },
    "2015-12-31": {
        "Diluted EPS": -0.53,
        "Total Revenue": 951,
        "Gross Profit": 428,
        "Operating Income": 6,
        "EBIT": 89,
        "Net Income": -27
    },
    "2015-09-30": {
        "Diluted EPS": -0.57,
        "Total Revenue": 916,
        "Gross Profit": 414,
        "Operating Income": 25,
        "EBIT": 106,
        "Net Income": -29
    },
    "2015-06-30": {
        "Diluted EPS": -1.5,
        "Total Revenue": 890,
        "Gross Profit": 393,
        "Operating Income": -14,
        "EBIT": 73,
        "Net Income": -77
    },
    "2015-03-31": {
        "Diluted EPS": -0.5,
        "Total Revenue": 893,
        "Gross Profit": 409,
        "Operating Income": 20,
        "EBIT": 105,
        "Net Income": -25
    },
    "2014-12-31": {
        "Diluted EPS": -1.02,
        "Total Revenue": 791,
        "Gross Profit": 336,
        "Operating Income": -24,
        "EBIT": 31,
        "Net Income": -52
    },
    "2014-09-30": {
        "Diluted EPS": 0.29,
        "Total Revenue": 303,
        "Gross Profit": 152,
        "Operating Income": 27,
        "EBIT": 36,
        "Net Income": 15
    },
    "2014-06-30": {
        "Diluted EPS": 0.54,
        "Total Revenue": 288,
        "Gross Profit": 142,
        "Operating Income": 33,
        "EBIT": 42,
        "Net Income": 28
    },
    "2014-03-31": {
        "Diluted EPS": 0.82,
        "Total Revenue": 288,
        "Gross Profit": 148,
        "Operating Income": 53,
        "EBIT": 62,
        "Net Income": 42
    },
    "2013-12-31": {
        "Diluted EPS": 0.81,
        "Total Revenue": 284,
        "Gross Profit": 140,
        "Operating Income": 49,
        "EBIT": 58,
        "Net Income": 41
    },
    "2013-09-30": {
        "Diluted EPS": 0.76,
        "Total Revenue": 264,
        "Gross Profit": 129,
        "Operating Income": 47,
        "EBIT": 55,
        "Net Income": 39
    },
    "2013-06-30": {
        "Diluted EPS": 0.6,
        "Total Revenue": 253,
        "Gross Profit": 121,
        "Operating Income": 36,
        "EBIT": 44,
        "Net Income": 31
    },
    "2013-03-31": {
        "Diluted EPS": 0.46,
        "Total Revenue": 237,
        "Gross Profit": 113,
        "Operating Income": 28,
        "EBIT": 36,
        "Net Income": 24
    },
    "2012-12-31": {
        "Diluted EPS": 0.68,
        "Total Revenue": 253,
        "Gross Profit": 124,
        "Operating Income": 44,
        "EBIT": 61,
        "Net Income": 35
    },
    "2012-09-30": {
        "Diluted EPS": 0.52,
        "Total Revenue": 252,
        "Gross Profit": 127,
        "Operating Income": 39,
        "EBIT": 46,
        "Net Income": 27
    },
    "2012-06-30": {
        "Diluted EPS": 0.59,
        "Total Revenue": 247,
        "Gross Profit": 120,
        "Operating Income": 39,
        "EBIT": 45,
        "Net Income": 31
    },
    "2012-03-31": {
        "Diluted EPS": 0.58,
        "Total Revenue": 244,
        "Gross Profit": 120,
        "Operating Income": 42,
        "EBIT": 48,
        "Net Income": 30
    },
    "2011-12-31": {
        "Diluted EPS": 0.68,
        "Total Revenue": 247,
        "Gross Profit": 122,
        "Operating Income": 42,
        "EBIT": 48,
        "Net Income": 35
    },
    "2011-09-30": {
        "Diluted EPS": 0.84,
        "Total Revenue": 253,
        "Gross Profit": 124,
        "Operating Income": 49,
        "EBIT": 55,
        "Net Income": 45
    },
    "2011-06-30": {
        "Diluted EPS": 0.6,
        "Total Revenue": 246,
        "Gross Profit": 122,
        "Operating Income": 47,
        "EBIT": 53,
        "Net Income": 33
    },
    "2011-03-31": {
        "Diluted EPS": 1.1,
        "Total Revenue": 237,
        "Gross Profit": 120,
        "Operating Income": 44,
        "EBIT": 50,
        "Net Income": 62
    },
    "2010-12-31": {
        "Diluted EPS": 0.5,
        "Total Revenue": 234,
        "Gross Profit": 114,
        "Operating Income": 43,
        "EBIT": 51,
        "Net Income": 28
    },
    "2010-09-30": {
        "Diluted EPS": 0.46,
        "Total Revenue": 230,
        "Gross Profit": 109,
        "Operating Income": 40,
        "EBIT": 48,
        "Net Income": 26
    },
    "2010-06-30": {
        "Diluted EPS": 0.39,
        "Total Revenue": 219,
        "Gross Profit": 99,
        "Operating Income": 32,
        "EBIT": 40,
        "Net Income": 23
    },
    "2010-03-31": {
        "Diluted EPS": 0.42,
        "Total Revenue": 212,
        "Gross Profit": 98,
        "Operating Income": 33,
        "EBIT": 41,
        "Net Income": 25
    },
    "2009-12-31": {
        "Diluted EPS": 0.29,
        "Total Revenue": 157,
        "Gross Profit": 58,
        "Operating Income": 28,
        "EBIT": 36,
        "Net Income": 18
    },
    "2009-09-30": {
        "Diluted EPS": 0.19,
        "Total Revenue": 201,
        "Gross Profit": 92,
        "Operating Income": 15,
        "EBIT": 24,
        "Net Income": 11
    },
    "2009-06-30": {
        "Diluted EPS": 0.15,
        "Total Revenue": 188,
        "Gross Profit": 82,
        "Operating Income": 13,
        "EBIT": 21,
        "Net Income": 9
    },
    "2009-03-31": {
        "Diluted EPS": 0.16,
        "Total Revenue": 193,
        "Gross Profit": 86,
        "Operating Income": 14,
        "EBIT": 22,
        "Net Income": 9
    },
    "2023-09-30": {
        "Tax Effect Of Unusual Items": -20250000.0,
        "Tax Rate For Calcs": 0.375,
        "Normalized EBITDA": 146000000.0,
        "Total Unusual Items": -54000000.0,
        "Total Unusual Items Excluding Goodwill": -54000000.0,
        "Net Income From Continuing Operation Net Minority Interest": -15000000.0,
        "Reconciled Depreciation": 44000000.0,
        "Reconciled Cost Of Revenue": 511000000.0,
        "EBITDA": 92000000.0,
        "EBIT": 48000000.0,
        "Net Interest Income": -16000000.0,
        "Normalized Income": 18750000.0,
        "Net Income From Continuing And Discontinued Operation": -15000000.0,
        "Total Expenses": 908000000.0,
        "Total Operating Income As Reported": -12000000.0,
        "Diluted Average Shares": 51336645.0,
        "Basic Average Shares": 51336645.0,
        "Diluted EPS": -0.28,
        "Basic EPS": -0.28,
        "Diluted NI Availto Com Stockholders": -15000000.0,
        "Net Income Common Stockholders": -15000000.0,
        "Net Income": -15000000.0,
        "Net Income Including Noncontrolling Interests": -15000000.0,
        "Net Income Continuous Operations": -15000000.0,
        "Tax Provision": -9000000.0,
        "Pretax Income": -24000000.0,
        "Other Income Expense": -56000000.0,
        "Other Non Operating Income Expenses": -2000000.0,
        "Special Income Charges": -60000000.0,
        "Restructuring And Mergern Acquisition": 60000000.0,
        "Gain On Sale Of Security": 6000000.0,
        "Net Non Operating Interest Income Expense": -16000000.0,
        "Total Other Finance Cost": 16000000.0,
        "Operating Income": 48000000.0,
        "Operating Expense": 379000000.0,
        "Depreciation Amortization Depletion Income Statement": 26000000.0,
        "Depreciation And Amortization In Income Statement": 26000000.0,
        "Amortization": 26000000.0,
        "Amortization Of Intangibles Income Statement": 26000000.0,
        "Research And Development": 127000000.0,
        "Selling General And Administration": 226000000.0,
        "Selling And Marketing Expense": 138000000.0,
        "General And Administrative Expense": 88000000.0,
        "Other Gand A": 88000000.0,
        "Gross Profit": 427000000.0,
        "Cost Of Revenue": 529000000.0,
        "Total Revenue": 956000000.0,
        "Operating Revenue": 956000000.0
    },
    "2023-12-31": {
        "Tax Effect Of Unusual Items": -4620000.0,
        "Tax Rate For Calcs": 0.21,
        "Normalized EBITDA": 40000000.0,
        "Total Unusual Items": -22000000.0,
        "Total Unusual Items Excluding Goodwill": -22000000.0,
        "Net Income From Continuing Operation Net Minority Interest": 17000000.0,
        "Reconciled Depreciation": 44000000.0,
        "Reconciled Cost Of Revenue": 543000000.0,
        "EBITDA": 18000000.0,
        "EBIT": -26000000.0,
        "Net Interest Income": -64000000.0,
        "Normalized Income": 34380000.0,
        "Net Income From Continuing And Discontinued Operation": 17000000.0,
        "Total Expenses": 917000000.0,
        "Total Operating Income As Reported": 74000000.0,
        "Diluted Average Shares": NaN,
        "Basic Average Shares": NaN,
        "Diluted EPS": NaN,
        "Basic EPS": NaN,
        "Diluted NI Availto Com Stockholders": 17000000.0,
        "Net Income Common Stockholders": 17000000.0,
        "Net Income": 17000000.0,
        "Net Income Including Noncontrolling Interests": 17000000.0,
        "Net Income Continuous Operations": 17000000.0,
        "Tax Provision": -15000000.0,
        "Pretax Income": 2000000.0,
        "Other Income Expense": -26000000.0,
        "Other Non Operating Income Expenses": -4000000.0,
        "Special Income Charges": -18000000.0,
        "Restructuring And Mergern Acquisition": 18000000.0,
        "Gain On Sale Of Security": -4000000.0,
        "Net Non Operating Interest Income Expense": -64000000.0,
        "Total Other Finance Cost": NaN,
        "Operating Income": 92000000.0,
        "Operating Expense": 356000000.0,
        "Depreciation Amortization Depletion Income Statement": 26000000.0,
        "Depreciation And Amortization In Income Statement": 26000000.0,
        "Amortization": 26000000.0,
        "Amortization Of Intangibles Income Statement": 26000000.0,
        "Research And Development": 116000000.0,
        "Selling General And Administration": 214000000.0,
        "Selling And Marketing Expense": 136000000.0,
        "General And Administrative Expense": 78000000.0,
        "Other Gand A": 78000000.0,
        "Gross Profit": 448000000.0,
        "Cost Of Revenue": 561000000.0,
        "Total Revenue": 1009000000.0,
        "Operating Revenue": 1009000000.0
    }
}