{
    "2023-03-31": {
        "Tax Effect Of Unusual Items": 523768.556613,
        "Tax Rate For Calcs": 0.155837,
        "Normalized EBITDA": -148760000.0,
        "Total Unusual Items": 3361000.0,
        "Total Unusual Items Excluding Goodwill": 3361000.0,
        "Net Income From Continuing Operation Net Minority Interest": -136720000.0,
        "Reconciled Cost Of Revenue": 542338000.0,
        "EBITDA": -145399000.0,
        "EBIT": -145399000.0,
        "Net Interest Income": -9185000.0,
        "Interest Expense": 13318000.0,
        "Interest Income": 4133000.0,
        "Normalized Income": -139557231.443387,
        "Net Income From Continuing And Discontinued Operation": -136720000.0,
        "Total Expenses": 796091000.0,
        "Total Operating Income As Reported": -150908000.0,
        "Diluted Average Shares": 61283404.0,
        "Basic Average Shares": 61283404.0,
        "Diluted EPS": -2.24,
        "Basic EPS": -2.24,
        "Diluted NI Availto Com Stockholders": -136720000.0,
        "Net Income Common Stockholders": -136720000.0,
        "Net Income": -136720000.0,
        "Minority Interests": 194000.0,
        "Net Income Including Noncontrolling Interests": -136914000.0,
        "Net Income Continuous Operations": -136914000.0,
        "Earnings From Equity Interest Net Of Tax": -2931000.0,
        "Tax Provision": -24734000.0,
        "Pretax Income": -158717000.0,
        "Other Income Expense": 1376000.0,
        "Other Non Operating Income Expenses": -1985000.0,
        "Gain On Sale Of Security": 3361000.0,
        "Net Non Operating Interest Income Expense": -9185000.0,
        "Interest Expense Non Operating": 13318000.0,
        "Interest Income Non Operating": 4133000.0,
        "Operating Income": -150908000.0,
        "Operating Expense": 253753000.0,
        "Research And Development": 117874000.0,
        "Selling General And Administration": 135879000.0,
        "Selling And Marketing Expense": 85978000.0,
        "General And Administrative Expense": 49901000.0,
        "Other Gand A": 49901000.0,
        "Gross Profit": 102845000.0,
        "Cost Of Revenue": 542338000.0,
        "Total Revenue": 645183000.0,
        "Operating Revenue": 645183000.0
    },
    "2022-12-31": {
        "Tax Effect Of Unusual Items": 183011.56867,
        "Tax Rate For Calcs": 0.032294,
        "Normalized EBITDA": -67094000.0,
        "Total Unusual Items": 5667000.0,
        "Total Unusual Items Excluding Goodwill": 5667000.0,
        "Net Income From Continuing Operation Net Minority Interest": -75548000.0,
        "Reconciled Cost Of Revenue": 849885000.0,
        "EBITDA": -61427000.0,
        "EBIT": -61427000.0,
        "Net Interest Income": -11739000.0,
        "Interest Expense": 16110000.0,
        "Interest Income": 4371000.0,
        "Normalized Income": -81031988.43133,
        "Net Income From Continuing And Discontinued Operation": -75548000.0,
        "Total Expenses": 1142682000.0,
        "Total Operating Income As Reported": -70951000.0,
        "Diluted Average Shares": 61215473.0,
        "Basic Average Shares": 61215473.0,
        "Diluted EPS": -1.24,
        "Basic EPS": -1.24,
        "Diluted NI Availto Com Stockholders": -75548000.0,
        "Net Income Common Stockholders": -75548000.0,
        "Net Income": -75548000.0,
        "Minority Interests": 195000.0,
        "Net Income Including Noncontrolling Interests": -75743000.0,
        "Net Income Continuous Operations": -75743000.0,
        "Earnings From Equity Interest Net Of Tax": -710000.0,
        "Tax Provision": -2504000.0,
        "Pretax Income": -77537000.0,
        "Other Income Expense": 5153000.0,
        "Other Non Operating Income Expenses": -514000.0,
        "Gain On Sale Of Security": 19525000.0,
        "Net Non Operating Interest Income Expense": -11739000.0,
        "Interest Expense Non Operating": 16110000.0,
        "Interest Income Non Operating": 4371000.0,
        "Operating Income": -70951000.0,
        "Operating Expense": 292797000.0,
        "Research And Development": 114341000.0,
        "Selling General And Administration": 178456000.0,
        "Selling And Marketing Expense": 125094000.0,
        "General And Administrative Expense": 53362000.0,
        "Other Gand A": 53362000.0,
        "Gross Profit": 221846000.0,
        "Cost Of Revenue": 849885000.0,
        "Total Revenue": 1071731000.0,
        "Operating Revenue": 1071731000.0
    },
    "2022-09-30": {
        "Tax Effect Of Unusual Items": -2964400.0,
        "Tax Rate For Calcs": 0.4,
        "Normalized EBITDA": -31723000.0,
        "Total Unusual Items": -7411000.0,
        "Total Unusual Items Excluding Goodwill": -7411000.0,
        "Net Income From Continuing Operation Net Minority Interest": -17090000.0,
        "Reconciled Cost Of Revenue": 975106000.0,
        "EBITDA": -39134000.0,
        "EBIT": -39134000.0,
        "Net Interest Income": -11830000.0,
        "Interest Expense": 15098000.0,
        "Interest Income": 3268000.0,
        "Normalized Income": -12643400.0,
        "Net Income From Continuing And Discontinued Operation": -17090000.0,
        "Total Expenses": 1279053000.0,
        "Total Operating Income As Reported": -73260000.0,
        "Diluted Average Shares": 61279203.0,
        "Basic Average Shares": 61279203.0,
        "Diluted EPS": -0.28,
        "Basic EPS": -0.28,
        "Diluted NI Availto Com Stockholders": -17090000.0,
        "Net Income Common Stockholders": -17090000.0,
        "Net Income": -17090000.0,
        "Minority Interests": 127000.0,
        "Net Income Including Noncontrolling Interests": -17217000.0,
        "Net Income Continuous Operations": -17217000.0,
        "Earnings From Equity Interest Net Of Tax": 3409000.0,
        "Tax Provision": -33606000.0,
        "Pretax Income": -54232000.0,
        "Other Income Expense": 30858000.0,
        "Other Non Operating Income Expenses": 38269000.0,
        "Gain On Sale Of Security": -7411000.0,
        "Net Non Operating Interest Income Expense": -11830000.0,
        "Interest Expense Non Operating": 15098000.0,
        "Interest Income Non Operating": 3268000.0,
        "Operating Income": -73260000.0,
        "Operating Expense": 303947000.0,
        "Research And Development": 127382000.0,
        "Selling General And Administration": 176565000.0,
        "Selling And Marketing Expense": 123850000.0,
        "General And Administrative Expense": 52715000.0,
        "Other Gand A": 52715000.0,
        "Gross Profit": 230687000.0,
        "Cost Of Revenue": 975106000.0,
        "Total Revenue": 1205793000.0,
        "Operating Revenue": 1205793000.0
    },
    "2022-06-30": {
        "Tax Effect Of Unusual Items": -1127073.026965,
        "Tax Rate For Calcs": 0.098883,
        "Normalized EBITDA": -106129000.0,
        "Total Unusual Items": -11398000.0,
        "Total Unusual Items Excluding Goodwill": -11398000.0,
        "Net Income From Continuing Operation Net Minority Interest": -106945000.0,
        "Reconciled Cost Of Revenue": 909945000.0,
        "EBITDA": -117527000.0,
        "EBIT": -117527000.0,
        "Net Interest Income": -11975000.0,
        "Interest Expense": 14123000.0,
        "Interest Income": 2148000.0,
        "Normalized Income": -96674073.026965,
        "Net Income From Continuing And Discontinued Operation": -106945000.0,
        "Total Expenses": 1218885000.0,
        "Total Operating Income As Reported": -110597000.0,
        "Diluted Average Shares": 61425708.0,
        "Basic Average Shares": 61425708.0,
        "Diluted EPS": -1.76,
        "Basic EPS": -1.76,
        "Diluted NI Availto Com Stockholders": -106945000.0,
        "Net Income Common Stockholders": -106945000.0,
        "Net Income": -106945000.0,
        "Minority Interests": 237000.0,
        "Net Income Including Noncontrolling Interests": -107182000.0,
        "Net Income Continuous Operations": -107182000.0,
        "Earnings From Equity Interest Net Of Tax": 11450000.0,
        "Tax Provision": -13018000.0,
        "Pretax Income": -131650000.0,
        "Other Income Expense": -9078000.0,
        "Other Non Operating Income Expenses": 2320000.0,
        "Gain On Sale Of Security": -11398000.0,
        "Net Non Operating Interest Income Expense": -11975000.0,
        "Interest Expense Non Operating": 14123000.0,
        "Interest Income Non Operating": 2148000.0,
        "Operating Income": -110597000.0,
        "Operating Expense": 308940000.0,
        "Research And Development": 128991000.0,
        "Selling General And Administration": 179949000.0,
        "Selling And Marketing Expense": 108255000.0,
        "General And Administrative Expense": 71694000.0,
        "Other Gand A": 71694000.0,
        "Gross Profit": 198343000.0,
        "Cost Of Revenue": 909945000.0,
        "Total Revenue": 1108288000.0,
        "Operating Revenue": 1108288000.0
    },
    "2022-03-31": {
        "Diluted EPS": -0.22,
        "Total Revenue": 119,
        "Gross Profit": 24,
        "Operating Income": -25,
        "EBIT": -25,
        "Net Income": -14
    },
    "2021-09-30": {
        "Diluted EPS": 0.11,
        "Total Revenue": 249,
        "Gross Profit": 50,
        "Operating Income": 10,
        "EBIT": 10,
        "Net Income": 8
    },
    "2021-06-30": {
        "Diluted EPS": 0.22,
        "Total Revenue": 284,
        "Gross Profit": 62,
        "Operating Income": 11,
        "Net Income": 14
    },
    "2021-03-31": {
        "Diluted EPS": -0.1,
        "Total Revenue": 175,
        "Gross Profit": 39,
        "Operating Income": -8,
        "EBIT": -8,
        "Net Income": -6
    },
    "2020-12-31": {
        "Diluted EPS": 0.27,
        "Total Revenue": 342,
        "Gross Profit": 66,
        "Operating Income": 11,
        "EBIT": 11,
        "Net Income": 19
    },
    "2020-09-30": {
        "Diluted EPS": 0.18,
        "Total Revenue": 329,
        "Gross Profit": 68,
        "Operating Income": 12,
        "EBIT": 12,
        "Net Income": 12
    },
    "2020-06-30": {
        "Diluted EPS": 0.03,
        "Total Revenue": 161,
        "Gross Profit": 36,
        "Operating Income": 1,
        "EBIT": 1,
        "Net Income": 2
    },
    "2020-03-31": {
        "Diluted EPS": 0.04,
        "Total Revenue": 154,
        "Gross Profit": 35,
        "Operating Income": 3,
        "EBIT": 3,
        "Net Income": 3
    },
    "2019-12-31": {
        "Diluted EPS": 0.46,
        "Total Revenue": 304,
        "Gross Profit": 72,
        "Operating Income": 31,
        "EBIT": 31,
        "Net Income": 30
    },
    "2019-09-30": {
        "Diluted EPS": 0.44,
        "Total Revenue": 261,
        "Gross Profit": 66,
        "Operating Income": 31,
        "EBIT": 31,
        "Net Income": 28
    },
    "2019-06-30": {
        "Diluted EPS": 0.2,
        "Total Revenue": 151,
        "Gross Profit": 40,
        "Operating Income": 13,
        "EBIT": 13,
        "Net Income": 13
    },
    "2019-03-31": {
        "Diluted EPS": 0.18,
        "Total Revenue": 119,
        "Gross Profit": 32,
        "Operating Income": 12,
        "EBIT": 12,
        "Net Income": 11
    },
    "2018-12-31": {
        "Diluted EPS": -0.21,
        "Total Revenue": 165,
        "Gross Profit": 42,
        "Operating Income": 18,
        "EBIT": 18,
        "Net Income": -15
    },
    "2018-09-30": {
        "Diluted EPS": 0.26,
        "Total Revenue": 156,
        "Gross Profit": 42,
        "Operating Income": 18,
        "EBIT": 18,
        "Net Income": 16
    },
    "2018-06-30": {
        "Diluted EPS": 0.2,
        "Total Revenue": 115,
        "Gross Profit": 30,
        "Operating Income": 15,
        "EBIT": 15,
        "Net Income": 13
    },
    "2018-03-31": {
        "Diluted EPS": 0.03,
        "Total Revenue": 93,
        "Gross Profit": 23,
        "Operating Income": 1,
        "EBIT": 1,
        "Net Income": 2
    },
    "2017-12-31": {
        "Diluted EPS": 0.18,
        "Total Revenue": 116,
        "Gross Profit": 116,
        "Operating Income": 116,
        "EBIT": 116,
        "Net Income": 11
    },
    "2017-09-30": {
        "Diluted EPS": 0.0,
        "Total Revenue": NaN,
        "Gross Profit": NaN,
        "Operating Income": NaN,
        "EBIT": NaN,
        "Net Income": NaN
    },
    "2016-12-31": {
        "Diluted EPS": 0.0,
        "Total Revenue": NaN,
        "Gross Profit": NaN,
        "Operating Income": NaN,
        "EBIT": NaN,
        "Net Income": NaN
    },
    "2023-06-30": {
        "Tax Effect Of Unusual Items": 82449.475428,
        "Tax Rate For Calcs": 0.152402,
        "Normalized EBITDA": -9651000.0,
        "Total Unusual Items": 541000.0,
        "Total Unusual Items Excluding Goodwill": 541000.0,
        "Net Income From Continuing Operation Net Minority Interest": -10040000.0,
        "Reconciled Cost Of Revenue": 72124000.0,
        "EBITDA": -9110000.0,
        "EBIT": -9110000.0,
        "Net Interest Income": -908000.0,
        "Interest Expense": 1756000.0,
        "Interest Income": 848000.0,
        "Normalized Income": -10498550.524572,
        "Net Income From Continuing And Discontinued Operation": -10040000.0,
        "Total Expenses": 102836000.0,
        "Total Operating Income As Reported": -10387000.0,
        "Diluted Average Shares": 60887668.0,
        "Basic Average Shares": 60887668.0,
        "Diluted EPS": -0.16,
        "Basic EPS": -0.16,
        "Diluted NI Availto Com Stockholders": -10040000.0,
        "Net Income Common Stockholders": -10040000.0,
        "Net Income": -10040000.0,
        "Minority Interests": 26000.0,
        "Net Income Including Noncontrolling Interests": -10066000.0,
        "Net Income Continuous Operations": -10066000.0,
        "Earnings From Equity Interest Net Of Tax": -856000.0,
        "Tax Provision": -1656000.0,
        "Pretax Income": -10866000.0,
        "Other Income Expense": 429000.0,
        "Other Non Operating Income Expenses": -112000.0,
        "Gain On Sale Of Security": 541000.0,
        "Net Non Operating Interest Income Expense": -908000.0,
        "Interest Expense Non Operating": 1756000.0,
        "Interest Income Non Operating": 848000.0,
        "Operating Income": -10387000.0,
        "Operating Expense": 30712000.0,
        "Research And Development": 12771000.0,
        "Selling General And Administration": 17941000.0,
        "Selling And Marketing Expense": 10214000.0,
        "General And Administrative Expense": 7727000.0,
        "Other Gand A": 7727000.0,
        "Gross Profit": 20325000.0,
        "Cost Of Revenue": 72124000.0,
        "Total Revenue": 92449000.0,
        "Operating Revenue": 92449000.0
    },
    "2023-09-30": {
        "Tax Effect Of Unusual Items": 7409.921671,
        "Tax Rate For Calcs": 0.172324,
        "Normalized EBITDA": 1952000.0,
        "Total Unusual Items": 43000.0,
        "Total Unusual Items Excluding Goodwill": 43000.0,
        "Net Income From Continuing Operation Net Minority Interest": 293000.0,
        "Reconciled Cost Of Revenue": 54942000.0,
        "EBITDA": 1995000.0,
        "EBIT": 1995000.0,
        "Net Interest Income": -800000.0,
        "Interest Expense": 1612000.0,
        "Interest Income": 812000.0,
        "Normalized Income": 257409.921671,
        "Net Income From Continuing And Discontinued Operation": 293000.0,
        "Total Expenses": 81732000.0,
        "Total Operating Income As Reported": 1379000.0,
        "Diluted Average Shares": 16009332.0,
        "Basic Average Shares": 15197134.0,
        "Diluted EPS": 0.016,
        "Basic EPS": 0.016,
        "Diluted NI Availto Com Stockholders": 293000.0,
        "Net Income Common Stockholders": 293000.0,
        "Net Income": 293000.0,
        "Minority Interests": 27000.0,
        "Net Income Including Noncontrolling Interests": 266000.0,
        "Net Income Continuous Operations": 266000.0,
        "Earnings From Equity Interest Net Of Tax": -51000.0,
        "Tax Provision": 66000.0,
        "Pretax Income": 383000.0,
        "Other Income Expense": -196000.0,
        "Other Non Operating Income Expenses": -239000.0,
        "Gain On Sale Of Security": 43000.0,
        "Net Non Operating Interest Income Expense": -800000.0,
        "Interest Expense Non Operating": 1612000.0,
        "Interest Income Non Operating": 812000.0,
        "Operating Income": 1379000.0,
        "Operating Expense": 26790000.0,
        "Research And Development": 10365000.0,
        "Selling General And Administration": 16425000.0,
        "Selling And Marketing Expense": 9756000.0,
        "General And Administrative Expense": 6669000.0,
        "Other Gand A": 6669000.0,
        "Gross Profit": 28169000.0,
        "Cost Of Revenue": 54942000.0,
        "Total Revenue": 83111000.0,
        "Operating Revenue": 83111000.0
    },
    "2023-12-31": {
        "Tax Effect Of Unusual Items": -264073.794955,
        "Tax Rate For Calcs": 0.25,
        "Normalized EBITDA": 905046.252951,
        "Total Unusual Items": -1056295.179821,
        "Total Unusual Items Excluding Goodwill": -1056295.179821,
        "Net Income From Continuing Operation Net Minority Interest": -2006956.501352,
        "Reconciled Cost Of Revenue": 61017533.712823,
        "EBITDA": -151248.926869,
        "EBIT": -151248.926869,
        "Net Interest Income": -711083.844018,
        "Interest Expense": 1615783.734745,
        "Interest Income": 904699.890727,
        "Normalized Income": -1214735.116487,
        "Net Income From Continuing And Discontinued Operation": -2006956.501352,
        "Total Expenses": 92309077.439796,
        "Total Operating Income As Reported": -99962.035229,
        "Diluted Average Shares": 15095122.0,
        "Basic Average Shares": 15095122.0,
        "Diluted EPS": -0.067714,
        "Basic EPS": -0.067714,
        "Diluted NI Availto Com Stockholders": -2006956.501352,
        "Net Income Common Stockholders": -2006956.501352,
        "Net Income": -2006956.501352,
        "Minority Interests": -12798.689198,
        "Net Income Including Noncontrolling Interests": -1994157.812155,
        "Net Income Continuous Operations": -1994157.812155,
        "Earnings From Equity Interest Net Of Tax": 2457235.150804,
        "Tax Provision": 2684360.301345,
        "Pretax Income": -1767032.661614,
        "Other Income Expense": -955986.782367,
        "Other Non Operating Income Expenses": 100308.397454,
        "Gain On Sale Of Security": -737050.194915,
        "Net Non Operating Interest Income Expense": -711083.844018,
        "Interest Expense Non Operating": 1615783.734745,
        "Interest Income Non Operating": 904699.890727,
        "Operating Income": -99962.035229,
        "Operating Expense": 31291543.726974,
        "Research And Development": 12417175.056516,
        "Selling General And Administration": 18874368.670458,
        "Selling And Marketing Expense": 13114009.580492,
        "General And Administrative Expense": 5760359.089966,
        "Other Gand A": 5760359.089966,
        "Gross Profit": 31191581.691744,
        "Cost Of Revenue": 61017533.712823,
        "Total Revenue": 92209115.404567,
        "Operating Revenue": 92209115.404567
    },
    "2024-03-31": {
        "Tax Effect Of Unusual Items": 531104.647078,
        "Tax Rate For Calcs": 0.25,
        "Normalized EBITDA": -14891165.352782,
        "Total Unusual Items": 2124418.588311,
        "Total Unusual Items Excluding Goodwill": 2124418.588311,
        "Net Income From Continuing Operation Net Minority Interest": -14828492.3345,
        "Reconciled Cost Of Revenue": 25512836.726951,
        "EBITDA": -12766746.76447,
        "EBIT": -12766746.76447,
        "Net Interest Income": -434776.499023,
        "Interest Expense": 1457358.45875,
        "Interest Income": 1022581.959726,
        "Normalized Income": -16421806.275733,
        "Net Income From Continuing And Discontinued Operation": -14828492.3345,
        "Total Expenses": 56344870.227506,
        "Total Operating Income As Reported": -15982462.796678,
        "Diluted Average Shares": 16220355.0,
        "Basic Average Shares": 16220355.0,
        "Diluted EPS": -0.921827,
        "Basic EPS": -0.921827,
        "Diluted NI Availto Com Stockholders": -14828492.3345,
        "Net Income Common Stockholders": -14828492.3345,
        "Net Income": -14828492.3345,
        "Minority Interests": 32460.688841,
        "Net Income Including Noncontrolling Interests": -14860953.023341,
        "Net Income Continuous Operations": -14860953.023341,
        "Earnings From Equity Interest Net Of Tax": -564619.254388,
        "Tax Provision": 72228.545733,
        "Pretax Income": -14224105.22322,
        "Other Income Expense": 2193134.072481,
        "Other Non Operating Income Expenses": 68715.48417,
        "Gain On Sale Of Security": 2124418.588311,
        "Net Non Operating Interest Income Expense": -434776.499023,
        "Interest Expense Non Operating": 1457358.45875,
        "Interest Income Non Operating": 1022581.959726,
        "Operating Income": -15982462.796678,
        "Operating Expense": 30832033.500555,
        "Research And Development": 13509267.456403,
        "Selling General And Administration": 17322766.044152,
        "Selling And Marketing Expense": 10864213.144471,
        "General And Administrative Expense": 6458552.899681,
        "Other Gand A": 6458552.899681,
        "Gross Profit": 14849570.703877,
        "Cost Of Revenue": 25512836.726951,
        "Total Revenue": 40362407.430828,
        "Operating Revenue": 40362407.430828
    },
    "2024-06-30": {
        "Tax Effect Of Unusual Items": -75000.0,
        "Tax Rate For Calcs": 0.25,
        "Normalized EBITDA": -8790000.0,
        "Total Unusual Items": -300000.0,
        "Total Unusual Items Excluding Goodwill": -300000.0,
        "Net Income From Continuing Operation Net Minority Interest": -10837000.0,
        "Reconciled Cost Of Revenue": 24281000.0,
        "EBITDA": -9090000.0,
        "EBIT": -9090000.0,
        "Net Interest Income": -425000.0,
        "Interest Expense": 1373000.0,
        "Interest Income": 948000.0,
        "Normalized Income": -10612000.0,
        "Net Income From Continuing And Discontinued Operation": -10837000.0,
        "Total Expenses": 50507000.0,
        "Total Operating Income As Reported": -9865000.0,
        "Diluted Average Shares": 16274995.0,
        "Basic Average Shares": 16274995.0,
        "Diluted EPS": -0.64,
        "Basic EPS": -0.64,
        "Diluted NI Availto Com Stockholders": -10837000.0,
        "Net Income Common Stockholders": -10837000.0,
        "Net Income": -10837000.0,
        "Minority Interests": 10000.0,
        "Net Income Including Noncontrolling Interests": -10847000.0,
        "Net Income Continuous Operations": -10847000.0,
        "Earnings From Equity Interest Net Of Tax": -337000.0,
        "Tax Provision": 47000.0,
        "Pretax Income": -10463000.0,
        "Other Income Expense": -173000.0,
        "Other Non Operating Income Expenses": 127000.0,
        "Gain On Sale Of Security": -300000.0,
        "Net Non Operating Interest Income Expense": -425000.0,
        "Interest Expense Non Operating": 1373000.0,
        "Interest Income Non Operating": 948000.0,
        "Operating Income": -9865000.0,
        "Operating Expense": 26226000.0,
        "Research And Development": 10818000.0,
        "Selling General And Administration": 15408000.0,
        "Selling And Marketing Expense": 10555000.0,
        "General And Administrative Expense": 4853000.0,
        "Other Gand A": 4853000.0,
        "Gross Profit": 16361000.0,
        "Cost Of Revenue": 24281000.0,
        "Total Revenue": 40642000.0,
        "Operating Revenue": 40642000.0
    },
    "2024-09-30": {
        "Tax Effect Of Unusual Items": 0.0,
        "Tax Rate For Calcs": 0.0,
        "Normalized EBITDA": -11680000.0,
        "Total Unusual Items": 175000.0,
        "Total Unusual Items Excluding Goodwill": 175000.0,
        "Net Income From Continuing Operation Net Minority Interest": -13251000.0,
        "Reconciled Cost Of Revenue": 25218000.0,
        "EBITDA": -11505000.0,
        "EBIT": -11505000.0,
        "Net Interest Income": -348000.0,
        "Interest Expense": 1289000.0,
        "Interest Income": 941000.0,
        "Normalized Income": -13426000.0,
        "Net Income From Continuing And Discontinued Operation": -13251000.0,
        "Total Expenses": 54999000.0,
        "Total Operating Income As Reported": -12537000.0,
        "Diluted Average Shares": 16149152.0,
        "Basic Average Shares": 16149152.0,
        "Diluted EPS": -0.8,
        "Basic EPS": -0.8,
        "Diluted NI Availto Com Stockholders": -13251000.0,
        "Net Income Common Stockholders": -13251000.0,
        "Net Income": -13251000.0,
        "Minority Interests": 8000.0,
        "Net Income Including Noncontrolling Interests": -13259000.0,
        "Net Income Continuous Operations": -13259000.0,
        "Earnings From Equity Interest Net Of Tax": -465000.0,
        "Tax Provision": 0.0,
        "Pretax Income": -12794000.0,
        "Other Income Expense": 91000.0,
        "Other Non Operating Income Expenses": -84000.0,
        "Gain On Sale Of Security": 175000.0,
        "Net Non Operating Interest Income Expense": -348000.0,
        "Interest Expense Non Operating": 1289000.0,
        "Interest Income Non Operating": 941000.0,
        "Operating Income": -12537000.0,
        "Operating Expense": 29781000.0,
        "Research And Development": 10859000.0,
        "Selling General And Administration": 18922000.0,
        "Selling And Marketing Expense": 11896000.0,
        "General And Administrative Expense": 7026000.0,
        "Other Gand A": 7026000.0,
        "Gross Profit": 17244000.0,
        "Cost Of Revenue": 25218000.0,
        "Total Revenue": 42462000.0,
        "Operating Revenue": 42462000.0
    }
}