{
    "2023-03-31": {
        "Tax Effect Of Unusual Items": -42630.0,
        "Tax Rate For Calcs": 0.21,
        "Normalized EBITDA": -42281000.0,
        "Total Unusual Items": -203000.0,
        "Total Unusual Items Excluding Goodwill": -203000.0,
        "Net Income From Continuing Operation Net Minority Interest": -56955000.0,
        "Reconciled Depreciation": 11825000.0,
        "Reconciled Cost Of Revenue": 54350000.0,
        "EBITDA": -42484000.0,
        "EBIT": -54309000.0,
        "Net Interest Income": -2448000.0,
        "Interest Expense": 2448000.0,
        "Normalized Income": -56794630.0,
        "Net Income From Continuing And Discontinued Operation": -56955000.0,
        "Total Expenses": 209844000.0,
        "Total Operating Income As Reported": -52445000.0,
        "Diluted Average Shares": 150045840.0,
        "Basic Average Shares": 150045840.0,
        "Diluted EPS": -0.38,
        "Basic EPS": -0.38,
        "Diluted NI Availto Com Stockholders": -56955000.0,
        "Net Income Common Stockholders": -56955000.0,
        "Net Income": -56955000.0,
        "Net Income Including Noncontrolling Interests": -56955000.0,
        "Net Income Continuous Operations": -56955000.0,
        "Tax Provision": 198000.0,
        "Pretax Income": -56757000.0,
        "Other Income Expense": -2067000.0,
        "Other Non Operating Income Expenses": -1864000.0,
        "Special Income Charges": -203000.0,
        "Restructuring And Mergern Acquisition": 203000.0,
        "Gain On Sale Of Security": NaN,
        "Net Non Operating Interest Income Expense": -2448000.0,
        "Interest Expense Non Operating": 2448000.0,
        "Operating Income": -52242000.0,
        "Operating Expense": 155494000.0,
        "Depreciation Amortization Depletion Income Statement": 11825000.0,
        "Depreciation And Amortization In Income Statement": 11825000.0,
        "Research And Development": 18519000.0,
        "Selling General And Administration": 125150000.0,
        "Selling And Marketing Expense": 72549000.0,
        "General And Administrative Expense": 52601000.0,
        "Other Gand A": 52601000.0,
        "Gross Profit": 103252000.0,
        "Cost Of Revenue": 54350000.0,
        "Total Revenue": 157602000.0,
        "Operating Revenue": 157602000.0
    },
    "2022-12-31": {
        "Tax Effect Of Unusual Items": 0.0,
        "Tax Rate For Calcs": 0.002525,
        "Normalized EBITDA": -37153000.0,
        "Total Unusual Items": 0.0,
        "Total Unusual Items Excluding Goodwill": 0.0,
        "Net Income From Continuing Operation Net Minority Interest": -51753000.0,
        "Reconciled Depreciation": 12430000.0,
        "Reconciled Cost Of Revenue": 65979000.0,
        "EBITDA": -37153000.0,
        "EBIT": -49583000.0,
        "Net Interest Income": -2301000.0,
        "Interest Expense": 2301000.0,
        "Normalized Income": -51753000.0,
        "Net Income From Continuing And Discontinued Operation": -51753000.0,
        "Total Expenses": 222851000.0,
        "Total Operating Income As Reported": -47711000.0,
        "Diluted Average Shares": 145489764.0,
        "Basic Average Shares": 145489764.0,
        "Diluted EPS": -0.36,
        "Basic EPS": -0.36,
        "Diluted NI Availto Com Stockholders": -51753000.0,
        "Net Income Common Stockholders": -51753000.0,
        "Net Income": -51753000.0,
        "Net Income Including Noncontrolling Interests": -51753000.0,
        "Net Income Continuous Operations": -51753000.0,
        "Tax Provision": -131000.0,
        "Pretax Income": -51884000.0,
        "Other Income Expense": -1872000.0,
        "Other Non Operating Income Expenses": -1872000.0,
        "Special Income Charges": 0.0,
        "Restructuring And Mergern Acquisition": 0.0,
        "Gain On Sale Of Security": 0.0,
        "Net Non Operating Interest Income Expense": -2301000.0,
        "Interest Expense Non Operating": 2301000.0,
        "Operating Income": -47711000.0,
        "Operating Expense": 156872000.0,
        "Depreciation Amortization Depletion Income Statement": 12430000.0,
        "Depreciation And Amortization In Income Statement": 12430000.0,
        "Research And Development": 17231000.0,
        "Selling General And Administration": 127211000.0,
        "Selling And Marketing Expense": 76194000.0,
        "General And Administrative Expense": 51017000.0,
        "Other Gand A": 51017000.0,
        "Gross Profit": 109161000.0,
        "Cost Of Revenue": 65979000.0,
        "Total Revenue": 175140000.0,
        "Operating Revenue": 175140000.0
    },
    "2022-09-30": {
        "Tax Effect Of Unusual Items": 169050.0,
        "Tax Rate For Calcs": 0.21,
        "Normalized EBITDA": -53944000.0,
        "Total Unusual Items": 805000.0,
        "Total Unusual Items Excluding Goodwill": 805000.0,
        "Net Income From Continuing Operation Net Minority Interest": -69440000.0,
        "Reconciled Depreciation": 13367000.0,
        "Reconciled Cost Of Revenue": 57529000.0,
        "EBITDA": -53139000.0,
        "EBIT": -66506000.0,
        "Net Interest Income": -2038000.0,
        "Interest Expense": 2038000.0,
        "Normalized Income": -70075950.0,
        "Net Income From Continuing And Discontinued Operation": -69440000.0,
        "Total Expenses": 218421000.0,
        "Total Operating Income As Reported": -66169000.0,
        "Diluted Average Shares": 140594128.0,
        "Basic Average Shares": 140594128.0,
        "Diluted EPS": -0.49,
        "Basic EPS": -0.49,
        "Diluted NI Availto Com Stockholders": -69440000.0,
        "Net Income Common Stockholders": -69440000.0,
        "Net Income": -69440000.0,
        "Net Income Including Noncontrolling Interests": -69440000.0,
        "Net Income Continuous Operations": -69440000.0,
        "Tax Provision": 896000.0,
        "Pretax Income": -68544000.0,
        "Other Income Expense": -337000.0,
        "Other Non Operating Income Expenses": -1142000.0,
        "Special Income Charges": 0.0,
        "Restructuring And Mergern Acquisition": 0.0,
        "Gain On Sale Of Security": 805000.0,
        "Net Non Operating Interest Income Expense": -2038000.0,
        "Interest Expense Non Operating": 2038000.0,
        "Operating Income": -66169000.0,
        "Operating Expense": 160892000.0,
        "Depreciation Amortization Depletion Income Statement": 13367000.0,
        "Depreciation And Amortization In Income Statement": 13367000.0,
        "Research And Development": 16954000.0,
        "Selling General And Administration": 130571000.0,
        "Selling And Marketing Expense": 76987000.0,
        "General And Administrative Expense": 53584000.0,
        "Other Gand A": 53584000.0,
        "Gross Profit": 94723000.0,
        "Cost Of Revenue": 57529000.0,
        "Total Revenue": 152252000.0,
        "Operating Revenue": 152252000.0
    },
    "2022-06-30": {
        "Tax Effect Of Unusual Items": -486000.0,
        "Tax Rate For Calcs": 0.4,
        "Normalized EBITDA": -69470000.0,
        "Total Unusual Items": -1215000.0,
        "Total Unusual Items Excluding Goodwill": -1215000.0,
        "Net Income From Continuing Operation Net Minority Interest": -86009000.0,
        "Reconciled Depreciation": 13315000.0,
        "Reconciled Cost Of Revenue": 48495000.0,
        "EBITDA": -70685000.0,
        "EBIT": -84000000.0,
        "Net Interest Income": -1666000.0,
        "Interest Expense": 1666000.0,
        "Normalized Income": -85280000.0,
        "Net Income From Continuing And Discontinued Operation": -86009000.0,
        "Total Expenses": 214390000.0,
        "Total Operating Income As Reported": -77089000.0,
        "Diluted Average Shares": 135903592.0,
        "Basic Average Shares": 135903592.0,
        "Diluted EPS": -0.63,
        "Basic EPS": -0.63,
        "Diluted NI Availto Com Stockholders": -86009000.0,
        "Net Income Common Stockholders": -86009000.0,
        "Net Income": -86009000.0,
        "Net Income Including Noncontrolling Interests": -86009000.0,
        "Net Income Continuous Operations": -86009000.0,
        "Tax Provision": 343000.0,
        "Pretax Income": -85666000.0,
        "Other Income Expense": -6911000.0,
        "Other Non Operating Income Expenses": -5696000.0,
        "Special Income Charges": 0.0,
        "Restructuring And Mergern Acquisition": 0.0,
        "Gain On Sale Of Security": -1215000.0,
        "Net Non Operating Interest Income Expense": -1666000.0,
        "Interest Expense Non Operating": 1666000.0,
        "Operating Income": -77089000.0,
        "Operating Expense": 165895000.0,
        "Depreciation Amortization Depletion Income Statement": 13315000.0,
        "Depreciation And Amortization In Income Statement": 13315000.0,
        "Research And Development": 18038000.0,
        "Selling General And Administration": 134542000.0,
        "Selling And Marketing Expense": 35049000.0,
        "General And Administrative Expense": 99493000.0,
        "Other Gand A": 24760000.0,
        "Salaries And Wages": 74733000.0,
        "Gross Profit": 88806000.0,
        "Cost Of Revenue": 48495000.0,
        "Total Revenue": 137301000.0,
        "Operating Revenue": 137301000.0
    },
    "2022-03-31": {
        "Diluted EPS": -0.54,
        "Total Revenue": 126,
        "Gross Profit": 85,
        "Operating Income": -68,
        "EBIT": -55,
        "Net Income": -72
    },
    "2021-12-31": {
        "Diluted EPS": 0.36,
        "Total Revenue": 135,
        "Gross Profit": 86,
        "Operating Income": -61,
        "EBIT": -48,
        "Net Income": -64
    },
    "2021-09-30": {
        "Diluted EPS": -0.53,
        "Total Revenue": 115,
        "Gross Profit": 71,
        "Operating Income": -67,
        "EBIT": -55,
        "Net Income": -69
    },
    "2021-06-30": {
        "Diluted EPS": -1.92,
        "Total Revenue": 107,
        "Gross Profit": 65,
        "Operating Income": -122,
        "EBIT": -111,
        "Net Income": -95
    },
    "2021-03-31": {
        "Diluted EPS": -0.86,
        "Total Revenue": 101,
        "Gross Profit": 62,
        "Operating Income": 2,
        "EBIT": 12,
        "Net Income": -28
    },
    "2020-12-31": {
        "Diluted EPS": 0.0,
        "Total Revenue": NaN,
        "Gross Profit": NaN,
        "Operating Income": NaN,
        "EBIT": NaN,
        "Net Income": NaN
    },
    "2020-09-30": {
        "Diluted EPS": -0.51,
        "Total Revenue": 95,
        "Gross Profit": 55,
        "Operating Income": 1,
        "EBIT": 11,
        "Net Income": -17
    },
    "2020-06-30": {
        "Diluted EPS": -0.58,
        "Total Revenue": 77,
        "Gross Profit": 48,
        "Operating Income": -7,
        "EBIT": -7,
        "Net Income": -19
    },
    "2019-12-31": {
        "Diluted EPS": 0.0,
        "Total Revenue": NaN,
        "Gross Profit": NaN,
        "Operating Income": NaN,
        "EBIT": NaN,
        "Net Income": NaN
    },
    "2023-06-30": {
        "Tax Effect Of Unusual Items": -597450.0,
        "Tax Rate For Calcs": 0.21,
        "Normalized EBITDA": -33612000.0,
        "Total Unusual Items": -2845000.0,
        "Total Unusual Items Excluding Goodwill": -2845000.0,
        "Net Income From Continuing Operation Net Minority Interest": -52159000.0,
        "Reconciled Depreciation": 12596000.0,
        "Reconciled Cost Of Revenue": 62037000.0,
        "EBITDA": -36457000.0,
        "EBIT": -49053000.0,
        "Net Interest Income": -2797000.0,
        "Interest Expense": 2797000.0,
        "Normalized Income": -49911450.0,
        "Net Income From Continuing And Discontinued Operation": -52159000.0,
        "Total Expenses": 215187000.0,
        "Total Operating Income As Reported": -46215000.0,
        "Diluted Average Shares": 154597506.0,
        "Basic Average Shares": 154597506.0,
        "Diluted EPS": -0.34,
        "Basic EPS": -0.34,
        "Diluted NI Availto Com Stockholders": -52159000.0,
        "Net Income Common Stockholders": -52159000.0,
        "Net Income": -52159000.0,
        "Net Income Including Noncontrolling Interests": -52159000.0,
        "Net Income Continuous Operations": -52159000.0,
        "Tax Provision": 309000.0,
        "Pretax Income": -51850000.0,
        "Other Income Expense": -5683000.0,
        "Other Non Operating Income Expenses": -2838000.0,
        "Special Income Charges": -2845000.0,
        "Restructuring And Mergern Acquisition": 2845000.0,
        "Gain On Sale Of Security": NaN,
        "Net Non Operating Interest Income Expense": -2797000.0,
        "Interest Expense Non Operating": 2797000.0,
        "Operating Income": -43370000.0,
        "Operating Expense": 153150000.0,
        "Depreciation Amortization Depletion Income Statement": 12596000.0,
        "Depreciation And Amortization In Income Statement": 12596000.0,
        "Research And Development": 17343000.0,
        "Selling General And Administration": 123211000.0,
        "Selling And Marketing Expense": 72496000.0,
        "General And Administrative Expense": 50715000.0,
        "Other Gand A": 50715000.0,
        "Gross Profit": 109780000.0,
        "Cost Of Revenue": 62037000.0,
        "Total Revenue": 171817000.0,
        "Operating Revenue": 171817000.0
    },
    "2023-09-30": {
        "Tax Effect Of Unusual Items": 0.0,
        "Tax Rate For Calcs": 0.21,
        "Normalized EBITDA": -26369000.0,
        "Total Unusual Items": 0.0,
        "Total Unusual Items Excluding Goodwill": 0.0,
        "Net Income From Continuing Operation Net Minority Interest": -43086000.0,
        "Reconciled Depreciation": 13233000.0,
        "Reconciled Cost Of Revenue": 73480000.0,
        "EBITDA": -26369000.0,
        "EBIT": -39602000.0,
        "Net Interest Income": -2894000.0,
        "Interest Expense": 2894000.0,
        "Normalized Income": -43086000.0,
        "Net Income From Continuing And Discontinued Operation": -43086000.0,
        "Total Expenses": 226150000.0,
        "Total Operating Income As Reported": -37166000.0,
        "Diluted Average Shares": 158055789.0,
        "Basic Average Shares": 158055789.0,
        "Diluted EPS": -0.27,
        "Basic EPS": -0.27,
        "Diluted NI Availto Com Stockholders": -43086000.0,
        "Net Income Common Stockholders": -43086000.0,
        "Net Income": -43086000.0,
        "Net Income Including Noncontrolling Interests": -43086000.0,
        "Net Income Continuous Operations": -43086000.0,
        "Tax Provision": 590000.0,
        "Pretax Income": -42496000.0,
        "Other Income Expense": -2436000.0,
        "Other Non Operating Income Expenses": -2436000.0,
        "Special Income Charges": 0.0,
        "Restructuring And Mergern Acquisition": 0.0,
        "Gain On Sale Of Security": NaN,
        "Net Non Operating Interest Income Expense": -2894000.0,
        "Interest Expense Non Operating": 2894000.0,
        "Operating Income": -37166000.0,
        "Operating Expense": 152670000.0,
        "Depreciation Amortization Depletion Income Statement": 13233000.0,
        "Depreciation And Amortization In Income Statement": 13233000.0,
        "Research And Development": 18062000.0,
        "Selling General And Administration": 121375000.0,
        "Selling And Marketing Expense": 70669000.0,
        "General And Administrative Expense": 50706000.0,
        "Other Gand A": 50706000.0,
        "Gross Profit": 115504000.0,
        "Cost Of Revenue": 73480000.0,
        "Total Revenue": 188984000.0,
        "Operating Revenue": 188984000.0
    },
    "2023-12-31": {
        "Tax Effect Of Unusual Items": 0.0,
        "Tax Rate For Calcs": 0.001698,
        "Normalized EBITDA": -19046000.0,
        "Total Unusual Items": 0.0,
        "Total Unusual Items Excluding Goodwill": 0.0,
        "Net Income From Continuing Operation Net Minority Interest": -35281000.0,
        "Reconciled Depreciation": 13495000.0,
        "Reconciled Cost Of Revenue": 84615000.0,
        "EBITDA": -19046000.0,
        "EBIT": -32541000.0,
        "Net Interest Income": -2800000.0,
        "Interest Expense": 2800000.0,
        "Normalized Income": -35281000.0,
        "Net Income From Continuing And Discontinued Operation": -35281000.0,
        "Total Expenses": 242179000.0,
        "Total Operating Income As Reported": -31859000.0,
        "Diluted Average Shares": 163922676.0,
        "Basic Average Shares": 163922676.0,
        "Diluted EPS": -0.22,
        "Basic EPS": -0.22,
        "Diluted NI Availto Com Stockholders": -35281000.0,
        "Net Income Common Stockholders": -35281000.0,
        "Net Income": -35281000.0,
        "Net Income Including Noncontrolling Interests": -35281000.0,
        "Net Income Continuous Operations": -35281000.0,
        "Tax Provision": -60000.0,
        "Pretax Income": -35341000.0,
        "Other Income Expense": -682000.0,
        "Other Non Operating Income Expenses": -682000.0,
        "Special Income Charges": 0.0,
        "Restructuring And Mergern Acquisition": 0.0,
        "Gain On Sale Of Security": NaN,
        "Net Non Operating Interest Income Expense": -2800000.0,
        "Interest Expense Non Operating": 2800000.0,
        "Operating Income": -31859000.0,
        "Operating Expense": 157564000.0,
        "Depreciation Amortization Depletion Income Statement": 13495000.0,
        "Depreciation And Amortization In Income Statement": 13495000.0,
        "Research And Development": 19945000.0,
        "Selling General And Administration": 124124000.0,
        "Selling And Marketing Expense": 72727000.0,
        "General And Administrative Expense": 51397000.0,
        "Other Gand A": 51397000.0,
        "Gross Profit": 125705000.0,
        "Cost Of Revenue": 84615000.0,
        "Total Revenue": 210320000.0,
        "Operating Revenue": 210320000.0
    }
}