{
    "2023-03-31": {
        "Tax Effect Of Unusual Items": NaN,
        "Tax Rate For Calcs": NaN,
        "Normalized EBITDA": NaN,
        "Total Unusual Items": NaN,
        "Total Unusual Items Excluding Goodwill": NaN,
        "Net Income From Continuing Operation Net Minority Interest": NaN,
        "Reconciled Depreciation": NaN,
        "Reconciled Cost Of Revenue": NaN,
        "EBITDA": NaN,
        "EBIT": NaN,
        "Net Interest Income": NaN,
        "Interest Expense": NaN,
        "Interest Income": NaN,
        "Normalized Income": NaN,
        "Net Income From Continuing And Discontinued Operation": NaN,
        "Total Expenses": NaN,
        "Total Operating Income As Reported": NaN,
        "Diluted Average Shares": 26263000.0,
        "Basic Average Shares": 26263000.0,
        "Diluted EPS": -1.14,
        "Basic EPS": -1.14,
        "Diluted NI Availto Com Stockholders": NaN,
        "Net Income Common Stockholders": NaN,
        "Net Income": NaN,
        "Net Income Including Noncontrolling Interests": NaN,
        "Net Income Discontinuous Operations": -13599000.0,
        "Net Income Continuous Operations": NaN,
        "Tax Provision": NaN,
        "Pretax Income": NaN,
        "Other Income Expense": NaN,
        "Other Non Operating Income Expenses": NaN,
        "Special Income Charges": NaN,
        "Restructuring And Mergern Acquisition": NaN,
        "Net Non Operating Interest Income Expense": NaN,
        "Interest Expense Non Operating": NaN,
        "Interest Income Non Operating": NaN,
        "Operating Income": NaN,
        "Operating Expense": NaN,
        "Depreciation Amortization Depletion Income Statement": NaN,
        "Depreciation And Amortization In Income Statement": NaN,
        "Amortization": NaN,
        "Amortization Of Intangibles Income Statement": NaN,
        "Research And Development": NaN,
        "Selling General And Administration": NaN,
        "Gross Profit": NaN,
        "Cost Of Revenue": NaN,
        "Total Revenue": NaN,
        "Operating Revenue": NaN
    },
    "2022-12-31": {
        "Tax Effect Of Unusual Items": NaN,
        "Tax Rate For Calcs": NaN,
        "Normalized EBITDA": NaN,
        "Total Unusual Items": NaN,
        "Total Unusual Items Excluding Goodwill": NaN,
        "Net Income From Continuing Operation Net Minority Interest": NaN,
        "Reconciled Depreciation": NaN,
        "Reconciled Cost Of Revenue": NaN,
        "EBITDA": NaN,
        "EBIT": NaN,
        "Net Interest Income": NaN,
        "Interest Expense": NaN,
        "Interest Income": NaN,
        "Normalized Income": NaN,
        "Net Income From Continuing And Discontinued Operation": NaN,
        "Total Expenses": NaN,
        "Total Operating Income As Reported": NaN,
        "Diluted Average Shares": 26100000.0,
        "Basic Average Shares": 26100000.0,
        "Diluted EPS": -1.16,
        "Basic EPS": -1.16,
        "Diluted NI Availto Com Stockholders": NaN,
        "Net Income Common Stockholders": NaN,
        "Net Income": NaN,
        "Net Income Including Noncontrolling Interests": NaN,
        "Net Income Discontinuous Operations": NaN,
        "Net Income Continuous Operations": NaN,
        "Tax Provision": NaN,
        "Pretax Income": NaN,
        "Other Income Expense": NaN,
        "Other Non Operating Income Expenses": NaN,
        "Special Income Charges": NaN,
        "Restructuring And Mergern Acquisition": NaN,
        "Net Non Operating Interest Income Expense": NaN,
        "Interest Expense Non Operating": NaN,
        "Interest Income Non Operating": NaN,
        "Operating Income": NaN,
        "Operating Expense": NaN,
        "Depreciation Amortization Depletion Income Statement": NaN,
        "Depreciation And Amortization In Income Statement": NaN,
        "Amortization": NaN,
        "Amortization Of Intangibles Income Statement": NaN,
        "Research And Development": NaN,
        "Selling General And Administration": NaN,
        "Gross Profit": NaN,
        "Cost Of Revenue": NaN,
        "Total Revenue": NaN,
        "Operating Revenue": NaN
    },
    "2022-09-30": {
        "Tax Effect Of Unusual Items": -3366400.0,
        "Tax Rate For Calcs": 0.4,
        "Normalized EBITDA": 22560000.0,
        "Total Unusual Items": -8416000.0,
        "Total Unusual Items Excluding Goodwill": -8416000.0,
        "Net Income From Continuing Operation Net Minority Interest": 831000.0,
        "Reconciled Depreciation": 30202000.0,
        "Reconciled Cost Of Revenue": 48785000.0,
        "EBITDA": 14144000.0,
        "EBIT": -16058000.0,
        "Net Interest Income": -6242000.0,
        "Interest Expense": 6242000.0,
        "Normalized Income": 5880600.0,
        "Net Income From Continuing And Discontinued Operation": 831000.0,
        "Total Expenses": 222834000.0,
        "Total Operating Income As Reported": -16673000.0,
        "Diluted Average Shares": 26150000.0,
        "Basic Average Shares": 26074000.0,
        "Diluted EPS": 0.03,
        "Basic EPS": 0.03,
        "Diluted NI Availto Com Stockholders": 831000.0,
        "Net Income Common Stockholders": 831000.0,
        "Net Income": 831000.0,
        "Net Income Including Noncontrolling Interests": 831000.0,
        "Net Income Continuous Operations": 831000.0,
        "Tax Provision": -23131000.0,
        "Pretax Income": -22300000.0,
        "Other Income Expense": -7801000.0,
        "Other Non Operating Income Expenses": 615000.0,
        "Special Income Charges": -8416000.0,
        "Restructuring And Mergern Acquisition": 8416000.0,
        "Net Non Operating Interest Income Expense": -6242000.0,
        "Interest Expense Non Operating": 6242000.0,
        "Operating Income": -8257000.0,
        "Operating Expense": 163204000.0,
        "Depreciation Amortization Depletion Income Statement": 19357000.0,
        "Depreciation And Amortization In Income Statement": 19357000.0,
        "Amortization": 19357000.0,
        "Amortization Of Intangibles Income Statement": 19357000.0,
        "Research And Development": 14502000.0,
        "Selling General And Administration": 129345000.0,
        "Gross Profit": 154947000.0,
        "Cost Of Revenue": 59630000.0,
        "Total Revenue": 214577000.0,
        "Operating Revenue": 214577000.0
    },
    "2022-06-30": {
        "Tax Effect Of Unusual Items": -5511200.0,
        "Tax Rate For Calcs": 0.4,
        "Normalized EBITDA": 22062000.0,
        "Total Unusual Items": -13778000.0,
        "Total Unusual Items Excluding Goodwill": -13778000.0,
        "Net Income From Continuing Operation Net Minority Interest": -8712000.0,
        "Reconciled Depreciation": 29713000.0,
        "Reconciled Cost Of Revenue": 71275000.0,
        "EBITDA": 8284000.0,
        "EBIT": -21429000.0,
        "Net Interest Income": -4894000.0,
        "Interest Expense": 4894000.0,
        "Normalized Income": -445200.0,
        "Net Income From Continuing And Discontinued Operation": -8712000.0,
        "Total Expenses": 242322000.0,
        "Total Operating Income As Reported": -21536000.0,
        "Diluted Average Shares": 26073000.0,
        "Basic Average Shares": 26073000.0,
        "Diluted EPS": -0.33,
        "Basic EPS": -0.33,
        "Diluted NI Availto Com Stockholders": -8712000.0,
        "Net Income Common Stockholders": -8712000.0,
        "Net Income": -8712000.0,
        "Net Income Including Noncontrolling Interests": -8712000.0,
        "Net Income Continuous Operations": -8712000.0,
        "Tax Provision": -17611000.0,
        "Pretax Income": -26323000.0,
        "Other Income Expense": -13671000.0,
        "Other Non Operating Income Expenses": 107000.0,
        "Special Income Charges": -13778000.0,
        "Restructuring And Mergern Acquisition": 13778000.0,
        "Net Non Operating Interest Income Expense": -4894000.0,
        "Interest Expense Non Operating": 4894000.0,
        "Operating Income": -7758000.0,
        "Operating Expense": 161250000.0,
        "Depreciation Amortization Depletion Income Statement": 19916000.0,
        "Depreciation And Amortization In Income Statement": 19916000.0,
        "Amortization": 19916000.0,
        "Amortization Of Intangibles Income Statement": 19916000.0,
        "Research And Development": 15282000.0,
        "Selling General And Administration": 126052000.0,
        "Gross Profit": 153492000.0,
        "Cost Of Revenue": 81072000.0,
        "Total Revenue": 234564000.0,
        "Operating Revenue": 234564000.0
    },
    "2023-06-30": {
        "Tax Effect Of Unusual Items": NaN,
        "Tax Rate For Calcs": NaN,
        "Normalized EBITDA": NaN,
        "Total Unusual Items": NaN,
        "Total Unusual Items Excluding Goodwill": NaN,
        "Net Income From Continuing Operation Net Minority Interest": NaN,
        "Reconciled Depreciation": NaN,
        "Reconciled Cost Of Revenue": NaN,
        "EBITDA": NaN,
        "EBIT": NaN,
        "Net Interest Income": NaN,
        "Interest Expense": NaN,
        "Interest Income": 735000.0,
        "Normalized Income": NaN,
        "Net Income From Continuing And Discontinued Operation": NaN,
        "Total Expenses": NaN,
        "Total Operating Income As Reported": NaN,
        "Diluted Average Shares": 26328000.0,
        "Basic Average Shares": 26328000.0,
        "Diluted EPS": -0.89,
        "Basic EPS": -0.89,
        "Diluted NI Availto Com Stockholders": NaN,
        "Net Income Common Stockholders": NaN,
        "Net Income": NaN,
        "Net Income Including Noncontrolling Interests": NaN,
        "Net Income Discontinuous Operations": -17463000.0,
        "Net Income Continuous Operations": NaN,
        "Tax Provision": NaN,
        "Pretax Income": NaN,
        "Other Income Expense": NaN,
        "Other Non Operating Income Expenses": NaN,
        "Special Income Charges": NaN,
        "Restructuring And Mergern Acquisition": NaN,
        "Net Non Operating Interest Income Expense": NaN,
        "Interest Expense Non Operating": NaN,
        "Interest Income Non Operating": 735000.0,
        "Operating Income": NaN,
        "Operating Expense": NaN,
        "Depreciation Amortization Depletion Income Statement": NaN,
        "Depreciation And Amortization In Income Statement": NaN,
        "Amortization": NaN,
        "Amortization Of Intangibles Income Statement": NaN,
        "Research And Development": NaN,
        "Selling General And Administration": NaN,
        "Gross Profit": NaN,
        "Cost Of Revenue": NaN,
        "Total Revenue": NaN,
        "Operating Revenue": NaN
    },
    "2022-03-31": {
        "Diluted EPS": -0.98,
        "Total Revenue": 236,
        "Gross Profit": 150,
        "Operating Income": -33,
        "EBIT": 0,
        "Net Income": -26
    },
    "2021-12-31": {
        "Diluted EPS": -2.34,
        "Total Revenue": 262,
        "Gross Profit": 136,
        "Operating Income": -65,
        "EBIT": -31,
        "Net Income": -61
    },
    "2021-09-30": {
        "Diluted EPS": -1.16,
        "Total Revenue": 240,
        "Gross Profit": 148,
        "Operating Income": -30,
        "EBIT": 2,
        "Net Income": -30
    },
    "2021-06-30": {
        "Diluted EPS": -0.18,
        "Total Revenue": 266,
        "Gross Profit": 178,
        "Operating Income": -5,
        "EBIT": 25,
        "Net Income": -5
    },
    "2021-03-31": {
        "Diluted EPS": 0.02,
        "Total Revenue": 248,
        "Gross Profit": 166,
        "Operating Income": 0,
        "EBIT": 33,
        "Net Income": 0
    },
    "2020-12-31": {
        "Diluted EPS": 0.0,
        "Total Revenue": NaN,
        "Gross Profit": NaN,
        "Operating Income": NaN,
        "EBIT": NaN,
        "Net Income": NaN
    },
    "2020-09-30": {
        "Diluted EPS": 0.0,
        "Total Revenue": NaN,
        "Gross Profit": NaN,
        "Operating Income": NaN,
        "EBIT": NaN,
        "Net Income": NaN
    },
    "2019-12-31": {
        "Diluted EPS": 0.0,
        "Total Revenue": NaN,
        "Gross Profit": NaN,
        "Operating Income": NaN,
        "EBIT": NaN,
        "Net Income": NaN
    },
    "2018-12-31": {
        "Diluted EPS": 0.0,
        "Total Revenue": NaN,
        "Gross Profit": NaN,
        "Operating Income": NaN,
        "EBIT": NaN,
        "Net Income": NaN
    },
    "2023-09-30": {
        "Tax Effect Of Unusual Items": -698670.0,
        "Tax Rate For Calcs": 0.21,
        "Normalized EBITDA": 29523000.0,
        "Total Unusual Items": -3327000.0,
        "Total Unusual Items Excluding Goodwill": -3327000.0,
        "Net Income From Continuing Operation Net Minority Interest": -10182000.0,
        "Reconciled Depreciation": 30500000.0,
        "Reconciled Cost Of Revenue": 13185000.0,
        "EBITDA": 26196000.0,
        "EBIT": -4304000.0,
        "Net Interest Income": -4984000.0,
        "Interest Expense": 5553000.0,
        "Interest Income": 569000.0,
        "Normalized Income": -7553670.0,
        "Net Income From Continuing And Discontinued Operation": -5089000.0,
        "Total Expenses": 105867000.0,
        "Total Operating Income As Reported": -3883000.0,
        "Diluted Average Shares": 26530000.0,
        "Basic Average Shares": 26530000.0,
        "Diluted EPS": -0.19,
        "Basic EPS": -0.19,
        "Diluted NI Availto Com Stockholders": -5089000.0,
        "Net Income Common Stockholders": -5089000.0,
        "Net Income": -5089000.0,
        "Net Income Including Noncontrolling Interests": -5089000.0,
        "Net Income Discontinuous Operations": 5093000.0,
        "Net Income Continuous Operations": -10182000.0,
        "Tax Provision": 325000.0,
        "Pretax Income": -9857000.0,
        "Other Income Expense": -4317000.0,
        "Other Non Operating Income Expenses": -990000.0,
        "Special Income Charges": -3327000.0,
        "Restructuring And Mergern Acquisition": 3327000.0,
        "Net Non Operating Interest Income Expense": -4984000.0,
        "Interest Expense Non Operating": 5553000.0,
        "Interest Income Non Operating": 569000.0,
        "Operating Income": -556000.0,
        "Operating Expense": 68960000.0,
        "Depreciation Amortization Depletion Income Statement": 6778000.0,
        "Depreciation And Amortization In Income Statement": 6778000.0,
        "Amortization": 6778000.0,
        "Amortization Of Intangibles Income Statement": 6778000.0,
        "Research And Development": 5677000.0,
        "Selling General And Administration": 56505000.0,
        "Gross Profit": 68404000.0,
        "Cost Of Revenue": 36907000.0,
        "Total Revenue": 105311000.0,
        "Operating Revenue": 105311000.0
    },
    "2023-12-31": {
        "Tax Effect Of Unusual Items": 250110.0,
        "Tax Rate For Calcs": 0.21,
        "Normalized EBITDA": 49290000.0,
        "Total Unusual Items": 1191000.0,
        "Total Unusual Items Excluding Goodwill": 1191000.0,
        "Net Income From Continuing Operation Net Minority Interest": 2381000.0,
        "Reconciled Depreciation": 26598000.0,
        "Reconciled Cost Of Revenue": -43744000.0,
        "EBITDA": 50481000.0,
        "EBIT": 23883000.0,
        "Net Interest Income": 6946000.0,
        "Interest Expense": -6946000.0,
        "Interest Income": NaN,
        "Normalized Income": 1440110.0,
        "Net Income From Continuing And Discontinued Operation": -334852000.0,
        "Total Expenses": -217756000.0,
        "Total Operating Income As Reported": 23185000.0,
        "Diluted Average Shares": NaN,
        "Basic Average Shares": NaN,
        "Diluted EPS": NaN,
        "Basic EPS": NaN,
        "Diluted NI Availto Com Stockholders": -334852000.0,
        "Net Income Common Stockholders": -334852000.0,
        "Net Income": -334852000.0,
        "Net Income Including Noncontrolling Interests": -334852000.0,
        "Net Income Discontinuous Operations": NaN,
        "Net Income Continuous Operations": 2381000.0,
        "Tax Provision": 28448000.0,
        "Pretax Income": 30829000.0,
        "Other Income Expense": 1889000.0,
        "Other Non Operating Income Expenses": 698000.0,
        "Special Income Charges": 1191000.0,
        "Restructuring And Mergern Acquisition": -1191000.0,
        "Net Non Operating Interest Income Expense": 6946000.0,
        "Interest Expense Non Operating": -6946000.0,
        "Interest Income Non Operating": NaN,
        "Operating Income": 21994000.0,
        "Operating Expense": -174012000.0,
        "Depreciation Amortization Depletion Income Statement": -35275000.0,
        "Depreciation And Amortization In Income Statement": -35275000.0,
        "Amortization": -35275000.0,
        "Amortization Of Intangibles Income Statement": -35275000.0,
        "Research And Development": -13900000.0,
        "Selling General And Administration": -124837000.0,
        "Gross Profit": -152018000.0,
        "Cost Of Revenue": -43744000.0,
        "Total Revenue": -195762000.0,
        "Operating Revenue": -195762000.0
    },
    "2024-03-31": {
        "Tax Effect Of Unusual Items": -759360.0,
        "Tax Rate For Calcs": 0.21,
        "Normalized EBITDA": 9003000.0,
        "Total Unusual Items": -3616000.0,
        "Total Unusual Items Excluding Goodwill": -3616000.0,
        "Net Income From Continuing Operation Net Minority Interest": -11483000.0,
        "Reconciled Depreciation": 8430000.0,
        "Reconciled Cost Of Revenue": 41850000.0,
        "EBITDA": 5387000.0,
        "EBIT": -3043000.0,
        "Net Interest Income": -4366000.0,
        "Interest Expense": 4366000.0,
        "Interest Income": NaN,
        "Normalized Income": -8626360.0,
        "Net Income From Continuing And Discontinued Operation": -7761000.0,
        "Total Expenses": 117311000.0,
        "Total Operating Income As Reported": -2732000.0,
        "Diluted Average Shares": 27125000.0,
        "Basic Average Shares": 27125000.0,
        "Diluted EPS": -0.29,
        "Basic EPS": -0.29,
        "Diluted NI Availto Com Stockholders": -7761000.0,
        "Net Income Common Stockholders": -7761000.0,
        "Net Income": -7761000.0,
        "Net Income Including Noncontrolling Interests": -7761000.0,
        "Net Income Discontinuous Operations": 3722000.0,
        "Net Income Continuous Operations": -11483000.0,
        "Tax Provision": 4074000.0,
        "Pretax Income": -7409000.0,
        "Other Income Expense": -3927000.0,
        "Other Non Operating Income Expenses": -311000.0,
        "Special Income Charges": -3616000.0,
        "Restructuring And Mergern Acquisition": 3616000.0,
        "Net Non Operating Interest Income Expense": -4366000.0,
        "Interest Expense Non Operating": 4366000.0,
        "Interest Income Non Operating": NaN,
        "Operating Income": 884000.0,
        "Operating Expense": 73053000.0,
        "Depreciation Amortization Depletion Income Statement": 6022000.0,
        "Depreciation And Amortization In Income Statement": 6022000.0,
        "Amortization": 6022000.0,
        "Amortization Of Intangibles Income Statement": 6022000.0,
        "Research And Development": 6701000.0,
        "Selling General And Administration": 60330000.0,
        "Gross Profit": 73937000.0,
        "Cost Of Revenue": 44258000.0,
        "Total Revenue": 118195000.0,
        "Operating Revenue": 118195000.0
    },
    "2024-06-30": {
        "Tax Effect Of Unusual Items": -1053990.0,
        "Tax Rate For Calcs": 0.21,
        "Normalized EBITDA": 11794000.0,
        "Total Unusual Items": -5019000.0,
        "Total Unusual Items Excluding Goodwill": -5019000.0,
        "Net Income From Continuing Operation Net Minority Interest": -9553000.0,
        "Reconciled Depreciation": 8487000.0,
        "Reconciled Cost Of Revenue": 41029000.0,
        "EBITDA": 6775000.0,
        "EBIT": -1712000.0,
        "Net Interest Income": -3101000.0,
        "Interest Expense": 5066000.0,
        "Interest Income": 1965000.0,
        "Normalized Income": -5587990.0,
        "Net Income From Continuing And Discontinued Operation": -4014000.0,
        "Total Expenses": 118479000.0,
        "Total Operating Income As Reported": -6687000.0,
        "Diluted Average Shares": 27405000.0,
        "Basic Average Shares": 27405000.0,
        "Diluted EPS": -0.15,
        "Basic EPS": -0.15,
        "Diluted NI Availto Com Stockholders": -4014000.0,
        "Net Income Common Stockholders": -4014000.0,
        "Net Income": -4014000.0,
        "Net Income Including Noncontrolling Interests": -4014000.0,
        "Net Income Discontinuous Operations": 5539000.0,
        "Net Income Continuous Operations": -9553000.0,
        "Tax Provision": 2775000.0,
        "Pretax Income": -6778000.0,
        "Other Income Expense": -2009000.0,
        "Other Non Operating Income Expenses": 3010000.0,
        "Special Income Charges": -5019000.0,
        "Restructuring And Mergern Acquisition": 5019000.0,
        "Net Non Operating Interest Income Expense": -3101000.0,
        "Interest Expense Non Operating": 5066000.0,
        "Interest Income Non Operating": 1965000.0,
        "Operating Income": -1668000.0,
        "Operating Expense": 74962000.0,
        "Depreciation Amortization Depletion Income Statement": 5999000.0,
        "Depreciation And Amortization In Income Statement": 5999000.0,
        "Amortization": 5999000.0,
        "Amortization Of Intangibles Income Statement": 5999000.0,
        "Research And Development": 6579000.0,
        "Selling General And Administration": 62384000.0,
        "Gross Profit": 73294000.0,
        "Cost Of Revenue": 43517000.0,
        "Total Revenue": 116811000.0,
        "Operating Revenue": 116811000.0
    },
    "2024-09-30": {
        "Tax Effect Of Unusual Items": -361494.646681,
        "Tax Rate For Calcs": 0.184154,
        "Normalized EBITDA": 11834000.0,
        "Total Unusual Items": -1963000.0,
        "Total Unusual Items Excluding Goodwill": -1963000.0,
        "Net Income From Continuing Operation Net Minority Interest": -3048000.0,
        "Reconciled Depreciation": 8780000.0,
        "Reconciled Cost Of Revenue": 33077000.0,
        "EBITDA": 9871000.0,
        "EBIT": 1091000.0,
        "Net Interest Income": -2361000.0,
        "Interest Expense": 4827000.0,
        "Interest Income": 2466000.0,
        "Normalized Income": -1446494.646681,
        "Net Income From Continuing And Discontinued Operation": -2284000.0,
        "Total Expenses": 106096000.0,
        "Total Operating Income As Reported": -4837000.0,
        "Diluted Average Shares": 27574000.0,
        "Basic Average Shares": 27574000.0,
        "Diluted EPS": -0.08,
        "Basic EPS": -0.08,
        "Diluted NI Availto Com Stockholders": -2284000.0,
        "Net Income Common Stockholders": -2284000.0,
        "Net Income": -2284000.0,
        "Net Income Including Noncontrolling Interests": -2284000.0,
        "Net Income Discontinuous Operations": 764000.0,
        "Net Income Continuous Operations": -3048000.0,
        "Tax Provision": -688000.0,
        "Pretax Income": -3736000.0,
        "Other Income Expense": 1499000.0,
        "Other Non Operating Income Expenses": 3462000.0,
        "Special Income Charges": -1963000.0,
        "Restructuring And Mergern Acquisition": 1963000.0,
        "Net Non Operating Interest Income Expense": -2361000.0,
        "Interest Expense Non Operating": 4827000.0,
        "Interest Income Non Operating": 2466000.0,
        "Operating Income": -2874000.0,
        "Operating Expense": 70276000.0,
        "Depreciation Amortization Depletion Income Statement": 6037000.0,
        "Depreciation And Amortization In Income Statement": 6037000.0,
        "Amortization": 6037000.0,
        "Amortization Of Intangibles Income Statement": 6037000.0,
        "Research And Development": 6926000.0,
        "Selling General And Administration": 57313000.0,
        "Gross Profit": 67402000.0,
        "Cost Of Revenue": 35820000.0,
        "Total Revenue": 103222000.0,
        "Operating Revenue": 103222000.0
    }
}