{
    "2023-06-30": {
        "Tax Effect Of Unusual Items": -2938000.0,
        "Tax Rate For Calcs": 0.226,
        "Total Unusual Items": -13000000.0,
        "Total Unusual Items Excluding Goodwill": -13000000.0,
        "Net Income From Continuing Operation Net Minority Interest": 175000000.0,
        "Reconciled Depreciation": 36000000.0,
        "Net Interest Income": 591000000.0,
        "Interest Expense": 386000000.0,
        "Interest Income": 977000000.0,
        "Normalized Income": 185062000.0,
        "Net Income From Continuing And Discontinued Operation": 175000000.0,
        "Diluted Average Shares": 147696000.0,
        "Basic Average Shares": 147692000.0,
        "Diluted EPS": 1.11,
        "Basic EPS": 1.11,
        "Diluted NI Availto Com Stockholders": 165000000.0,
        "Net Income Common Stockholders": 165000000.0,
        "Otherunder Preferred Stock Dividend": 1000000.0,
        "Preferred Stock Dividends": 9000000.0,
        "Net Income": 175000000.0,
        "Net Income Including Noncontrolling Interests": 175000000.0,
        "Net Income Continuous Operations": 175000000.0,
        "Tax Provision": 51000000.0,
        "Pretax Income": 226000000.0,
        "Special Income Charges": -13000000.0,
        "Other Special Charges": -13000000.0,
        "Restructuring And Mergern Acquisition": 13000000.0,
        "Gain On Sale Of Security": 1000000.0,
        "Selling General And Administration": 359000000.0,
        "Selling And Marketing Expense": 13000000.0,
        "General And Administrative Expense": 346000000.0,
        "Insurance And Claims": 22000000.0,
        "Salaries And Wages": 324000000.0,
        "Total Revenue": 780000000.0,
        "Operating Revenue": 780000000.0
    },
    "2023-03-31": {
        "Tax Effect Of Unusual Items": -277000.0,
        "Tax Rate For Calcs": 0.277,
        "Total Unusual Items": -1000000.0,
        "Total Unusual Items Excluding Goodwill": -1000000.0,
        "Net Income From Continuing Operation Net Minority Interest": 204000000.0,
        "Reconciled Depreciation": 36000000.0,
        "Net Interest Income": 679000000.0,
        "Interest Expense": 241000000.0,
        "Interest Income": 920000000.0,
        "Normalized Income": 204723000.0,
        "Net Income From Continuing And Discontinued Operation": 204000000.0,
        "Diluted Average Shares": 148038000.0,
        "Basic Average Shares": 148015000.0,
        "Diluted EPS": 1.33,
        "Basic EPS": 1.33,
        "Diluted NI Availto Com Stockholders": 197000000.0,
        "Net Income Common Stockholders": 197000000.0,
        "Otherunder Preferred Stock Dividend": 1000000.0,
        "Preferred Stock Dividends": 6000000.0,
        "Net Income": 204000000.0,
        "Net Income Including Noncontrolling Interests": 204000000.0,
        "Net Income Continuous Operations": 204000000.0,
        "Tax Provision": 78000000.0,
        "Pretax Income": 282000000.0,
        "Special Income Charges": -1000000.0,
        "Other Special Charges": NaN,
        "Restructuring And Mergern Acquisition": 1000000.0,
        "Gain On Sale Of Security": -2000000.0,
        "Selling General And Administration": 369000000.0,
        "Selling And Marketing Expense": 12000000.0,
        "General And Administrative Expense": 357000000.0,
        "Insurance And Claims": 18000000.0,
        "Salaries And Wages": 339000000.0,
        "Total Revenue": 839000000.0,
        "Operating Revenue": 839000000.0
    },
    "2022-12-31": {
        "Tax Effect Of Unusual Items": 0.0,
        "Tax Rate For Calcs": 0.208914,
        "Total Unusual Items": 0.0,
        "Total Unusual Items Excluding Goodwill": 0.0,
        "Net Income From Continuing Operation Net Minority Interest": 284000000.0,
        "Reconciled Depreciation": 31000000.0,
        "Net Interest Income": 720000000.0,
        "Interest Expense": 115000000.0,
        "Interest Income": 835000000.0,
        "Normalized Income": 284000000.0,
        "Net Income From Continuing And Discontinued Operation": 284000000.0,
        "Diluted Average Shares": 148829000.0,
        "Basic Average Shares": 148739000.0,
        "Diluted EPS": 1.84,
        "Basic EPS": 1.84,
        "Diluted NI Availto Com Stockholders": 274000000.0,
        "Net Income Common Stockholders": 274000000.0,
        "Otherunder Preferred Stock Dividend": 3000000.0,
        "Preferred Stock Dividends": 7000000.0,
        "Net Income": 284000000.0,
        "Net Income Including Noncontrolling Interests": 284000000.0,
        "Net Income Continuous Operations": 284000000.0,
        "Tax Provision": 75000000.0,
        "Pretax Income": 359000000.0,
        "Special Income Charges": 0.0,
        "Other Special Charges": NaN,
        "Restructuring And Mergern Acquisition": 0.0,
        "Gain On Sale Of Security": -9000000.0,
        "Selling General And Administration": 329000000.0,
        "Selling And Marketing Expense": 11000000.0,
        "General And Administrative Expense": 318000000.0,
        "Insurance And Claims": 14000000.0,
        "Salaries And Wages": 304000000.0,
        "Total Revenue": 873000000.0,
        "Operating Revenue": 873000000.0
    },
    "2022-09-30": {
        "Tax Effect Of Unusual Items": 0.0,
        "Tax Rate For Calcs": 0.219,
        "Total Unusual Items": 0.0,
        "Total Unusual Items Excluding Goodwill": 0.0,
        "Net Income From Continuing Operation Net Minority Interest": 217000000.0,
        "Reconciled Depreciation": 34000000.0,
        "Net Interest Income": 663000000.0,
        "Interest Expense": 44000000.0,
        "Interest Income": 707000000.0,
        "Normalized Income": 217000000.0,
        "Net Income From Continuing And Discontinued Operation": 217000000.0,
        "Diluted Average Shares": 149792000.0,
        "Basic Average Shares": 149628000.0,
        "Diluted EPS": 1.4,
        "Basic EPS": 1.4,
        "Diluted NI Availto Com Stockholders": 211000000.0,
        "Net Income Common Stockholders": 211000000.0,
        "Otherunder Preferred Stock Dividend": 2000000.0,
        "Preferred Stock Dividends": 6000000.0,
        "Net Income": 217000000.0,
        "Net Income Including Noncontrolling Interests": 217000000.0,
        "Net Income Continuous Operations": 217000000.0,
        "Tax Provision": 61000000.0,
        "Pretax Income": 278000000.0,
        "Special Income Charges": 0.0,
        "Other Special Charges": NaN,
        "Restructuring And Mergern Acquisition": 0.0,
        "Gain On Sale Of Security": 10000000.0,
        "Selling General And Administration": 336000000.0,
        "Selling And Marketing Expense": 11000000.0,
        "General And Administrative Expense": 325000000.0,
        "Insurance And Claims": 13000000.0,
        "Salaries And Wages": 312000000.0,
        "Total Revenue": 828000000.0,
        "Operating Revenue": 828000000.0
    },
    "2022-06-30": {
        "Tax Effect Of Unusual Items": -219000.0,
        "Tax Rate For Calcs": 0.219,
        "Total Unusual Items": -1000000.0,
        "Total Unusual Items Excluding Goodwill": -1000000.0,
        "Net Income From Continuing Operation Net Minority Interest": 203000000.0,
        "Reconciled Depreciation": 26000000.0,
        "Net Interest Income": 593000000.0,
        "Interest Expense": 15000000.0,
        "Interest Income": 608000000.0,
        "Normalized Income": 203781000.0,
        "Net Income From Continuing And Discontinued Operation": 203000000.0,
        "Diluted Average Shares": 150838000.0,
        "Basic Average Shares": 150635000.0,
        "Diluted EPS": 1.29,
        "Basic EPS": 1.29,
        "Diluted NI Availto Com Stockholders": 195000000.0,
        "Net Income Common Stockholders": 195000000.0,
        "Otherunder Preferred Stock Dividend": 2000000.0,
        "Preferred Stock Dividends": 8000000.0,
        "Net Income": 203000000.0,
        "Net Income Including Noncontrolling Interests": 203000000.0,
        "Net Income Continuous Operations": 203000000.0,
        "Tax Provision": 57000000.0,
        "Pretax Income": 260000000.0,
        "Special Income Charges": -1000000.0,
        "Other Special Charges": NaN,
        "Restructuring And Mergern Acquisition": 1000000.0,
        "Gain On Sale Of Security": 11000000.0,
        "Selling General And Administration": 329000000.0,
        "Selling And Marketing Expense": 9000000.0,
        "General And Administrative Expense": 320000000.0,
        "Insurance And Claims": 13000000.0,
        "Salaries And Wages": 307000000.0,
        "Total Revenue": 765000000.0,
        "Operating Revenue": 765000000.0
    },
    "2022-03-31": {
        "Diluted EPS": 1.27,
        "Total Revenue": 697,
        "Gross Profit": 686,
        "Operating Income": 255,
        "EBIT": NaN,
        "Net Income": 195
    },
    "2021-12-31": {
        "Diluted EPS": 1.36,
        "Total Revenue": 756,
        "Gross Profit": 743,
        "Operating Income": 269,
        "EBIT": NaN,
        "Net Income": 207
    },
    "2021-09-30": {
        "Diluted EPS": 1.45,
        "Total Revenue": 708,
        "Gross Profit": 694,
        "Operating Income": 311,
        "EBIT": NaN,
        "Net Income": 234
    },
    "2021-06-30": {
        "Diluted EPS": 2.08,
        "Total Revenue": 775,
        "Gross Profit": 760,
        "Operating Income": 455,
        "EBIT": NaN,
        "Net Income": 345
    },
    "2021-03-31": {
        "Diluted EPS": 1.9,
        "Total Revenue": 731,
        "Gross Profit": 714,
        "Operating Income": 411,
        "EBIT": NaN,
        "Net Income": 314
    },
    "2020-12-31": {
        "Diluted EPS": 1.63,
        "Total Revenue": 736,
        "Gross Profit": 716,
        "Operating Income": 360,
        "EBIT": NaN,
        "Net Income": 275
    },
    "2020-09-30": {
        "Diluted EPS": 1.01,
        "Total Revenue": 738,
        "Gross Profit": 712,
        "Operating Income": 215,
        "EBIT": NaN,
        "Net Income": 167
    },
    "2020-06-30": {
        "Diluted EPS": 0.34,
        "Total Revenue": 712,
        "Gross Profit": 680,
        "Operating Income": 82,
        "EBIT": NaN,
        "Net Income": 57
    },
    "2020-03-31": {
        "Diluted EPS": 0.04,
        "Total Revenue": 756,
        "Gross Profit": 682,
        "Operating Income": 16,
        "EBIT": NaN,
        "Net Income": 6
    },
    "2019-12-31": {
        "Diluted EPS": 0.96,
        "Total Revenue": 799,
        "Gross Profit": 712,
        "Operating Income": 235,
        "EBIT": NaN,
        "Net Income": 174
    },
    "2019-09-30": {
        "Diluted EPS": 1.17,
        "Total Revenue": 823,
        "Gross Profit": 713,
        "Operating Income": 288,
        "EBIT": NaN,
        "Net Income": 214
    },
    "2019-06-30": {
        "Diluted EPS": 0.99,
        "Total Revenue": 816,
        "Gross Profit": 701,
        "Operating Income": 256,
        "EBIT": NaN,
        "Net Income": 189
    },
    "2019-03-31": {
        "Diluted EPS": 1.04,
        "Total Revenue": 807,
        "Gross Profit": 708,
        "Operating Income": 274,
        "EBIT": NaN,
        "Net Income": 205
    },
    "2018-12-31": {
        "Diluted EPS": 1.06,
        "Total Revenue": 795,
        "Gross Profit": 715,
        "Operating Income": 290,
        "EBIT": NaN,
        "Net Income": 217
    },
    "2018-09-30": {
        "Diluted EPS": 1.04,
        "Total Revenue": 767,
        "Gross Profit": 701,
        "Operating Income": 292,
        "EBIT": NaN,
        "Net Income": 215
    },
    "2018-06-30": {
        "Diluted EPS": 0.89,
        "Total Revenue": 744,
        "Gross Profit": 686,
        "Operating Income": 253,
        "EBIT": NaN,
        "Net Income": 187
    },
    "2018-03-31": {
        "Diluted EPS": 1.09,
        "Total Revenue": 727,
        "Gross Profit": 680,
        "Operating Income": 308,
        "EBIT": NaN,
        "Net Income": 231
    },
    "2017-12-31": {
        "Diluted EPS": 0.54,
        "Total Revenue": 703,
        "Gross Profit": 667,
        "Operating Income": 261,
        "EBIT": NaN,
        "Net Income": 115
    },
    "2017-09-30": {
        "Diluted EPS": 0.72,
        "Total Revenue": 696,
        "Gross Profit": 661,
        "Operating Income": 243,
        "EBIT": NaN,
        "Net Income": 152
    },
    "2017-06-30": {
        "Diluted EPS": 0.73,
        "Total Revenue": 690,
        "Gross Profit": 660,
        "Operating Income": 248,
        "EBIT": NaN,
        "Net Income": 154
    },
    "2017-03-31": {
        "Diluted EPS": 0.61,
        "Total Revenue": 647,
        "Gross Profit": 621,
        "Operating Income": 184,
        "EBIT": NaN,
        "Net Income": 129
    },
    "2016-12-31": {
        "Diluted EPS": 0.6,
        "Total Revenue": 629,
        "Gross Profit": 608,
        "Operating Income": 201,
        "EBIT": NaN,
        "Net Income": 124
    },
    "2016-09-30": {
        "Diluted EPS": 0.57,
        "Total Revenue": 636,
        "Gross Profit": 614,
        "Operating Income": 192,
        "EBIT": NaN,
        "Net Income": 117
    },
    "2016-06-30": {
        "Diluted EPS": 0.44,
        "Total Revenue": 613,
        "Gross Profit": 591,
        "Operating Income": 174,
        "EBIT": NaN,
        "Net Income": 91
    },
    "2016-03-31": {
        "Diluted EPS": 0.38,
        "Total Revenue": 592,
        "Gross Profit": 570,
        "Operating Income": 132,
        "EBIT": NaN,
        "Net Income": 79
    },
    "2015-12-31": {
        "Diluted EPS": 0.43,
        "Total Revenue": 591,
        "Gross Profit": 567,
        "Operating Income": 147,
        "EBIT": NaN,
        "Net Income": 89
    },
    "2015-09-30": {
        "Diluted EPS": 0.41,
        "Total Revenue": 582,
        "Gross Profit": 551,
        "Operating Income": 142,
        "EBIT": NaN,
        "Net Income": 84
    },
    "2015-06-30": {
        "Diluted EPS": -0.01,
        "Total Revenue": 451,
        "Gross Profit": 419,
        "Operating Income": 19,
        "EBIT": NaN,
        "Net Income": -1
    },
    "2015-03-31": {
        "Diluted EPS": 0.37,
        "Total Revenue": 566,
        "Gross Profit": 535,
        "Operating Income": 143,
        "EBIT": NaN,
        "Net Income": 75
    },
    "2014-12-31": {
        "Diluted EPS": 0.31,
        "Total Revenue": 575,
        "Gross Profit": 544,
        "Operating Income": 126,
        "EBIT": NaN,
        "Net Income": 67
    },
    "2014-09-30": {
        "Diluted EPS": 0.4,
        "Total Revenue": 576,
        "Gross Profit": 533,
        "Operating Income": 149,
        "EBIT": NaN,
        "Net Income": 79
    },
    "2014-06-30": {
        "Diluted EPS": 0.56,
        "Total Revenue": 588,
        "Gross Profit": 541,
        "Operating Income": 190,
        "EBIT": NaN,
        "Net Income": 104
    },
    "2014-03-31": {
        "Diluted EPS": 0.41,
        "Total Revenue": 606,
        "Gross Profit": 555,
        "Operating Income": 157,
        "EBIT": NaN,
        "Net Income": 76
    },
    "2013-12-31": {
        "Diluted EPS": -0.32,
        "Total Revenue": 459,
        "Gross Profit": 401,
        "Operating Income": -63,
        "EBIT": NaN,
        "Net Income": -59
    },
    "2013-09-30": {
        "Diluted EPS": 1.12,
        "Total Revenue": 596,
        "Gross Profit": 538,
        "Operating Income": 173,
        "EBIT": NaN,
        "Net Income": 210
    },
    "2013-06-30": {
        "Diluted EPS": 0.3,
        "Total Revenue": 618,
        "Gross Profit": 556,
        "Operating Income": 126,
        "EBIT": NaN,
        "Net Income": 55
    },
    "2013-03-31": {
        "Diluted EPS": 0.48,
        "Total Revenue": 606,
        "Gross Profit": 539,
        "Operating Income": 171,
        "EBIT": NaN,
        "Net Income": 88
    },
    "2012-12-31": {
        "Diluted EPS": 0.19,
        "Total Revenue": 552,
        "Gross Profit": 484,
        "Operating Income": 88,
        "EBIT": NaN,
        "Net Income": 36
    },
    "2012-09-30": {
        "Diluted EPS": 0.34,
        "Total Revenue": 634,
        "Gross Profit": 563,
        "Operating Income": 170,
        "EBIT": NaN,
        "Net Income": 62
    },
    "2012-06-30": {
        "Diluted EPS": 0.3,
        "Total Revenue": 641,
        "Gross Profit": 555,
        "Operating Income": 143,
        "EBIT": NaN,
        "Net Income": 55
    },
    "2012-03-31": {
        "Diluted EPS": 0.14,
        "Total Revenue": 631,
        "Gross Profit": 549,
        "Operating Income": 141,
        "EBIT": NaN,
        "Net Income": 25
    },
    "2011-12-31": {
        "Diluted EPS": 0.24,
        "Total Revenue": 638,
        "Gross Profit": 560,
        "Operating Income": 137,
        "EBIT": NaN,
        "Net Income": 44
    },
    "2011-09-30": {
        "Diluted EPS": 0.35,
        "Total Revenue": 675,
        "Gross Profit": 592,
        "Operating Income": 168,
        "EBIT": NaN,
        "Net Income": 65
    },
    "2011-06-30": {
        "Diluted EPS": 0.16,
        "Total Revenue": 687,
        "Gross Profit": 545,
        "Operating Income": 127,
        "EBIT": NaN,
        "Net Income": 29
    },
    "2011-03-31": {
        "Diluted EPS": 0.08,
        "Total Revenue": 687,
        "Gross Profit": 558,
        "Operating Income": 90,
        "EBIT": NaN,
        "Net Income": 15
    },
    "2010-12-31": {
        "Diluted EPS": -0.6,
        "Total Revenue": 687,
        "Gross Profit": 520,
        "Operating Income": -96,
        "EBIT": NaN,
        "Net Income": -110
    },
    "2010-09-30": {
        "Diluted EPS": -0.47,
        "Total Revenue": 692,
        "Gross Profit": 562,
        "Operating Income": -79,
        "EBIT": NaN,
        "Net Income": -80
    },
    "2010-06-30": {
        "Diluted EPS": -0.84,
        "Total Revenue": 693,
        "Gross Profit": 523,
        "Operating Income": -136,
        "EBIT": NaN,
        "Net Income": -135
    },
    "2010-03-31": {
        "Diluted EPS": -0.57,
        "Total Revenue": 688,
        "Gross Profit": 563,
        "Operating Income": -92,
        "EBIT": NaN,
        "Net Income": -87
    },
    "2009-12-31": {
        "Diluted EPS": -0.81,
        "Total Revenue": 672,
        "Gross Profit": 523,
        "Operating Income": -945,
        "EBIT": NaN,
        "Net Income": -176
    },
    "2009-09-30": {
        "Diluted EPS": -1.43,
        "Total Revenue": 903,
        "Gross Profit": 743,
        "Operating Income": -258,
        "EBIT": NaN,
        "Net Income": -182
    },
    "2009-06-30": {
        "Diluted EPS": -0.21,
        "Total Revenue": NaN,
        "Gross Profit": NaN,
        "Operating Income": -76,
        "EBIT": NaN,
        "Net Income": -24
    },
    "2009-03-31": {
        "Diluted EPS": -7.47,
        "Total Revenue": 494,
        "Gross Profit": 330,
        "Operating Income": -344,
        "EBIT": NaN,
        "Net Income": -852
    },
    "2023-09-30": {
        "Tax Effect Of Unusual Items": -232000.0,
        "Tax Rate For Calcs": 0.232,
        "Total Unusual Items": -1000000.0,
        "Total Unusual Items Excluding Goodwill": -1000000.0,
        "Net Income From Continuing Operation Net Minority Interest": 175000000.0,
        "Reconciled Depreciation": 36000000.0,
        "Net Interest Income": 585000000.0,
        "Interest Expense": 425000000.0,
        "Interest Income": 1010000000.0,
        "Normalized Income": 175768000.0,
        "Net Income From Continuing And Discontinued Operation": 175000000.0,
        "Diluted Average Shares": 147653000.0,
        "Basic Average Shares": 147648000.0,
        "Diluted EPS": 1.13,
        "Basic EPS": 1.13,
        "Diluted NI Availto Com Stockholders": 167000000.0,
        "Net Income Common Stockholders": 167000000.0,
        "Otherunder Preferred Stock Dividend": 1000000.0,
        "Preferred Stock Dividends": 7000000.0,
        "Net Income": 175000000.0,
        "Net Income Including Noncontrolling Interests": 175000000.0,
        "Net Income Continuous Operations": 175000000.0,
        "Tax Provision": 53000000.0,
        "Pretax Income": 228000000.0,
        "Special Income Charges": -1000000.0,
        "Other Special Charges": NaN,
        "Restructuring And Mergern Acquisition": 1000000.0,
        "Gain On Sale Of Security": 11000000.0,
        "Selling General And Administration": 341000000.0,
        "Selling And Marketing Expense": 10000000.0,
        "General And Administrative Expense": 331000000.0,
        "Insurance And Claims": 20000000.0,
        "Salaries And Wages": 311000000.0,
        "Total Revenue": 765000000.0,
        "Operating Revenue": 765000000.0
    }
}