{
    "2023-03-31": {
        "Tax Effect Of Unusual Items": NaN,
        "Tax Rate For Calcs": NaN,
        "Normalized EBITDA": NaN,
        "Net Income From Continuing Operation Net Minority Interest": NaN,
        "Reconciled Depreciation": NaN,
        "Reconciled Cost Of Revenue": NaN,
        "EBITDA": NaN,
        "EBIT": NaN,
        "Net Interest Income": NaN,
        "Interest Expense": NaN,
        "Normalized Income": NaN,
        "Net Income From Continuing And Discontinued Operation": NaN,
        "Total Expenses": NaN,
        "Total Operating Income As Reported": NaN,
        "Diluted Average Shares": 109984000.0,
        "Basic Average Shares": 104261000.0,
        "Diluted EPS": 0.05,
        "Basic EPS": 0.05,
        "Diluted NI Availto Com Stockholders": NaN,
        "Net Income Common Stockholders": NaN,
        "Net Income": NaN,
        "Net Income Including Noncontrolling Interests": NaN,
        "Net Income Continuous Operations": NaN,
        "Tax Provision": NaN,
        "Pretax Income": NaN,
        "Other Income Expense": NaN,
        "Other Non Operating Income Expenses": NaN,
        "Net Non Operating Interest Income Expense": NaN,
        "Interest Expense Non Operating": NaN,
        "Operating Income": NaN,
        "Operating Expense": NaN,
        "Research And Development": NaN,
        "Selling General And Administration": NaN,
        "Selling And Marketing Expense": NaN,
        "General And Administrative Expense": NaN,
        "Other Gand A": NaN,
        "Salaries And Wages": NaN,
        "Gross Profit": NaN,
        "Cost Of Revenue": NaN,
        "Total Revenue": NaN,
        "Operating Revenue": NaN
    },
    "2022-12-31": {
        "Tax Effect Of Unusual Items": NaN,
        "Tax Rate For Calcs": NaN,
        "Normalized EBITDA": NaN,
        "Net Income From Continuing Operation Net Minority Interest": NaN,
        "Reconciled Depreciation": NaN,
        "Reconciled Cost Of Revenue": NaN,
        "EBITDA": NaN,
        "EBIT": NaN,
        "Net Interest Income": NaN,
        "Interest Expense": NaN,
        "Normalized Income": NaN,
        "Net Income From Continuing And Discontinued Operation": NaN,
        "Total Expenses": NaN,
        "Total Operating Income As Reported": NaN,
        "Diluted Average Shares": NaN,
        "Basic Average Shares": NaN,
        "Diluted EPS": NaN,
        "Basic EPS": NaN,
        "Diluted NI Availto Com Stockholders": NaN,
        "Net Income Common Stockholders": NaN,
        "Otherunder Preferred Stock Dividend": 0.0,
        "Net Income": NaN,
        "Net Income Including Noncontrolling Interests": NaN,
        "Net Income Continuous Operations": NaN,
        "Tax Provision": NaN,
        "Pretax Income": NaN,
        "Other Income Expense": NaN,
        "Other Non Operating Income Expenses": NaN,
        "Net Non Operating Interest Income Expense": NaN,
        "Interest Expense Non Operating": NaN,
        "Operating Income": NaN,
        "Operating Expense": NaN,
        "Research And Development": NaN,
        "Selling General And Administration": NaN,
        "Selling And Marketing Expense": NaN,
        "General And Administrative Expense": NaN,
        "Other Gand A": NaN,
        "Salaries And Wages": NaN,
        "Gross Profit": NaN,
        "Cost Of Revenue": NaN,
        "Total Revenue": NaN,
        "Operating Revenue": NaN
    },
    "2022-09-30": {
        "Tax Effect Of Unusual Items": NaN,
        "Tax Rate For Calcs": NaN,
        "Normalized EBITDA": NaN,
        "Net Income From Continuing Operation Net Minority Interest": NaN,
        "Reconciled Depreciation": NaN,
        "Reconciled Cost Of Revenue": NaN,
        "EBITDA": NaN,
        "EBIT": NaN,
        "Net Interest Income": NaN,
        "Interest Expense": NaN,
        "Normalized Income": NaN,
        "Net Income From Continuing And Discontinued Operation": NaN,
        "Total Expenses": NaN,
        "Total Operating Income As Reported": NaN,
        "Diluted Average Shares": 119810000.0,
        "Basic Average Shares": 113059000.0,
        "Diluted EPS": 0.17,
        "Basic EPS": 0.18,
        "Diluted NI Availto Com Stockholders": NaN,
        "Net Income Common Stockholders": NaN,
        "Otherunder Preferred Stock Dividend": 0.0,
        "Net Income": NaN,
        "Net Income Including Noncontrolling Interests": NaN,
        "Net Income Continuous Operations": NaN,
        "Tax Provision": NaN,
        "Pretax Income": NaN,
        "Other Income Expense": NaN,
        "Other Non Operating Income Expenses": NaN,
        "Net Non Operating Interest Income Expense": NaN,
        "Interest Expense Non Operating": NaN,
        "Operating Income": NaN,
        "Operating Expense": NaN,
        "Research And Development": NaN,
        "Selling General And Administration": NaN,
        "Selling And Marketing Expense": NaN,
        "General And Administrative Expense": NaN,
        "Other Gand A": NaN,
        "Salaries And Wages": 11459000.0,
        "Gross Profit": NaN,
        "Cost Of Revenue": NaN,
        "Total Revenue": NaN,
        "Operating Revenue": NaN
    },
    "2022-06-30": {
        "Tax Effect Of Unusual Items": 0.0,
        "Tax Rate For Calcs": 0.256,
        "Normalized EBITDA": 27770000.0,
        "Net Income From Continuing Operation Net Minority Interest": 13110000.0,
        "Reconciled Depreciation": 2637000.0,
        "Reconciled Cost Of Revenue": 21757000.0,
        "EBITDA": 27770000.0,
        "EBIT": 25133000.0,
        "Net Interest Income": -7511000.0,
        "Interest Expense": 7511000.0,
        "Normalized Income": 13110000.0,
        "Net Income From Continuing And Discontinued Operation": 13110000.0,
        "Total Expenses": 214846000.0,
        "Total Operating Income As Reported": 25097000.0,
        "Diluted Average Shares": 124091000.0,
        "Basic Average Shares": 116791000.0,
        "Diluted EPS": 0.11,
        "Basic EPS": 0.11,
        "Diluted NI Availto Com Stockholders": 13110000.0,
        "Net Income Common Stockholders": 13110000.0,
        "Otherunder Preferred Stock Dividend": 0.0,
        "Net Income": 13110000.0,
        "Net Income Including Noncontrolling Interests": 13110000.0,
        "Net Income Continuous Operations": 13110000.0,
        "Tax Provision": 4512000.0,
        "Pretax Income": 17622000.0,
        "Other Income Expense": 36000.0,
        "Other Non Operating Income Expenses": 36000.0,
        "Net Non Operating Interest Income Expense": -7511000.0,
        "Interest Expense Non Operating": 7511000.0,
        "Operating Income": 25097000.0,
        "Operating Expense": 193089000.0,
        "Research And Development": 30925000.0,
        "Selling General And Administration": 162164000.0,
        "Selling And Marketing Expense": 136631000.0,
        "General And Administrative Expense": 25533000.0,
        "Other Gand A": 25533000.0,
        "Salaries And Wages": NaN,
        "Gross Profit": 218186000.0,
        "Cost Of Revenue": 21757000.0,
        "Total Revenue": 239943000.0,
        "Operating Revenue": 239943000.0
    },
    "2022-03-31": {
        "Diluted EPS": 0.07,
        "Total Revenue": 227,
        "Gross Profit": 206,
        "Operating Income": 14,
        "EBIT": 17,
        "Net Income": 8
    },
    "2021-12-31": {
        "Diluted EPS": 0.3,
        "Total Revenue": 220,
        "Gross Profit": 200,
        "Operating Income": 25,
        "EBIT": 28,
        "Net Income": 24
    },
    "2021-09-30": {
        "Diluted EPS": 0.17,
        "Total Revenue": 213,
        "Gross Profit": 190,
        "Operating Income": 18,
        "EBIT": 20,
        "Net Income": 22
    },
    "2021-06-30": {
        "Diluted EPS": -0.55,
        "Total Revenue": 183,
        "Gross Profit": 161,
        "Operating Income": -68,
        "EBIT": -66,
        "Net Income": -53
    },
    "2021-03-31": {
        "Diluted EPS": 0.1,
        "Total Revenue": 125,
        "Gross Profit": 109,
        "Operating Income": 16,
        "EBIT": 19,
        "Net Income": 9
    },
    "2020-12-31": {
        "Diluted EPS": 0.0,
        "Total Revenue": NaN,
        "Gross Profit": NaN,
        "Operating Income": NaN,
        "EBIT": NaN,
        "Net Income": NaN
    },
    "2020-09-30": {
        "Diluted EPS": 0.19,
        "Total Revenue": 103,
        "Gross Profit": 90,
        "Operating Income": 23,
        "EBIT": 25,
        "Net Income": 17
    },
    "2020-06-30": {
        "Diluted EPS": 0.18,
        "Total Revenue": 88,
        "Gross Profit": 76,
        "Operating Income": 22,
        "EBIT": 22,
        "Net Income": 16
    },
    "2019-12-31": {
        "Diluted EPS": 0.0,
        "Total Revenue": NaN,
        "Gross Profit": NaN,
        "Operating Income": NaN,
        "EBIT": NaN,
        "Net Income": NaN
    },
    "2023-06-30": {
        "Tax Effect Of Unusual Items": NaN,
        "Tax Rate For Calcs": NaN,
        "Normalized EBITDA": NaN,
        "Net Income From Continuing Operation Net Minority Interest": NaN,
        "Reconciled Depreciation": NaN,
        "Reconciled Cost Of Revenue": NaN,
        "EBITDA": NaN,
        "EBIT": NaN,
        "Net Interest Income": NaN,
        "Interest Expense": NaN,
        "Normalized Income": NaN,
        "Net Income From Continuing And Discontinued Operation": NaN,
        "Total Expenses": NaN,
        "Total Operating Income As Reported": NaN,
        "Diluted Average Shares": 105419000.0,
        "Basic Average Shares": 100212000.0,
        "Diluted EPS": 0.14,
        "Basic EPS": 0.14,
        "Diluted NI Availto Com Stockholders": NaN,
        "Net Income Common Stockholders": NaN,
        "Net Income": NaN,
        "Net Income Including Noncontrolling Interests": NaN,
        "Net Income Continuous Operations": NaN,
        "Tax Provision": NaN,
        "Pretax Income": NaN,
        "Other Income Expense": NaN,
        "Other Non Operating Income Expenses": NaN,
        "Net Non Operating Interest Income Expense": NaN,
        "Interest Expense Non Operating": NaN,
        "Operating Income": NaN,
        "Operating Expense": NaN,
        "Research And Development": NaN,
        "Selling General And Administration": NaN,
        "Selling And Marketing Expense": NaN,
        "General And Administrative Expense": NaN,
        "Other Gand A": NaN,
        "Salaries And Wages": 9564000.0,
        "Gross Profit": NaN,
        "Cost Of Revenue": NaN,
        "Total Revenue": NaN,
        "Operating Revenue": NaN
    },
    "2023-09-30": {
        "Tax Effect Of Unusual Items": 0.0,
        "Tax Rate For Calcs": 0.198,
        "Normalized EBITDA": 39980000.0,
        "Net Income From Continuing Operation Net Minority Interest": 24076000.0,
        "Reconciled Depreciation": 2619000.0,
        "Reconciled Cost Of Revenue": 14533000.0,
        "EBITDA": 39980000.0,
        "EBIT": 37361000.0,
        "Net Interest Income": -7351000.0,
        "Interest Expense": 7351000.0,
        "Normalized Income": 24076000.0,
        "Net Income From Continuing And Discontinued Operation": 24076000.0,
        "Total Expenses": 122964000.0,
        "Total Operating Income As Reported": 32666000.0,
        "Diluted Average Shares": 104707000.0,
        "Basic Average Shares": 99800000.0,
        "Diluted EPS": 0.23,
        "Basic EPS": 0.24,
        "Diluted NI Availto Com Stockholders": 24076000.0,
        "Net Income Common Stockholders": 24076000.0,
        "Net Income": 24076000.0,
        "Net Income Including Noncontrolling Interests": 24076000.0,
        "Net Income Continuous Operations": 24076000.0,
        "Tax Provision": 5934000.0,
        "Pretax Income": 30010000.0,
        "Other Income Expense": 4695000.0,
        "Other Non Operating Income Expenses": 4695000.0,
        "Net Non Operating Interest Income Expense": -7351000.0,
        "Interest Expense Non Operating": 7351000.0,
        "Operating Income": 32666000.0,
        "Operating Expense": 108431000.0,
        "Research And Development": 32136000.0,
        "Selling General And Administration": 76295000.0,
        "Selling And Marketing Expense": 52580000.0,
        "General And Administrative Expense": 23715000.0,
        "Other Gand A": 13712000.0,
        "Salaries And Wages": 10003000.0,
        "Gross Profit": 141097000.0,
        "Cost Of Revenue": 14533000.0,
        "Total Revenue": 155630000.0,
        "Operating Revenue": 155630000.0
    },
    "2023-12-31": {
        "Tax Effect Of Unusual Items": 0.0,
        "Tax Rate For Calcs": 0.21,
        "Normalized EBITDA": 22227000.0,
        "Net Income From Continuing Operation Net Minority Interest": 5631000.0,
        "Reconciled Depreciation": 3165000.0,
        "Reconciled Cost Of Revenue": 13478000.0,
        "EBITDA": 22227000.0,
        "EBIT": 19062000.0,
        "Net Interest Income": 12574000.0,
        "Interest Expense": 7355000.0,
        "Normalized Income": 5631000.0,
        "Net Income From Continuing And Discontinued Operation": 5631000.0,
        "Total Expenses": 122635000.0,
        "Total Operating Income As Reported": 13287000.0,
        "Diluted Average Shares": NaN,
        "Basic Average Shares": NaN,
        "Diluted EPS": NaN,
        "Basic EPS": NaN,
        "Diluted NI Availto Com Stockholders": 5631000.0,
        "Net Income Common Stockholders": 5631000.0,
        "Net Income": 5631000.0,
        "Net Income Including Noncontrolling Interests": 5631000.0,
        "Net Income Continuous Operations": 5631000.0,
        "Tax Provision": 6076000.0,
        "Pretax Income": 11707000.0,
        "Other Income Expense": -14154000.0,
        "Other Non Operating Income Expenses": -14154000.0,
        "Net Non Operating Interest Income Expense": 12574000.0,
        "Interest Expense Non Operating": 7355000.0,
        "Operating Income": 13287000.0,
        "Operating Expense": 109157000.0,
        "Research And Development": 32754000.0,
        "Selling General And Administration": 76403000.0,
        "Selling And Marketing Expense": 58649000.0,
        "General And Administrative Expense": 17754000.0,
        "Other Gand A": 48878000.0,
        "Salaries And Wages": NaN,
        "Gross Profit": 122444000.0,
        "Cost Of Revenue": 13478000.0,
        "Total Revenue": 135922000.0,
        "Operating Revenue": 135922000.0
    },
    "2024-03-31": {
        "Tax Effect Of Unusual Items": 0.0,
        "Tax Rate For Calcs": 0.21,
        "Normalized EBITDA": 7083000.0,
        "Net Income From Continuing Operation Net Minority Interest": -6505000.0,
        "Reconciled Depreciation": 3110000.0,
        "Reconciled Cost Of Revenue": 13321000.0,
        "EBITDA": 7083000.0,
        "EBIT": 3973000.0,
        "Net Interest Income": -7356000.0,
        "Interest Expense": 7356000.0,
        "Normalized Income": -6505000.0,
        "Net Income From Continuing And Discontinued Operation": -6505000.0,
        "Total Expenses": 123145000.0,
        "Total Operating Income As Reported": -906000.0,
        "Diluted Average Shares": 98962000.0,
        "Basic Average Shares": 98962000.0,
        "Diluted EPS": -0.07,
        "Basic EPS": -0.07,
        "Diluted NI Availto Com Stockholders": -6505000.0,
        "Net Income Common Stockholders": -6505000.0,
        "Net Income": -6505000.0,
        "Net Income Including Noncontrolling Interests": -6505000.0,
        "Net Income Continuous Operations": -6505000.0,
        "Tax Provision": 3122000.0,
        "Pretax Income": -3383000.0,
        "Other Income Expense": 4879000.0,
        "Other Non Operating Income Expenses": 4879000.0,
        "Net Non Operating Interest Income Expense": -7356000.0,
        "Interest Expense Non Operating": 7356000.0,
        "Operating Income": -906000.0,
        "Operating Expense": 109824000.0,
        "Research And Development": 36076000.0,
        "Selling General And Administration": 73748000.0,
        "Selling And Marketing Expense": 54693000.0,
        "General And Administrative Expense": 19055000.0,
        "Other Gand A": 19055000.0,
        "Salaries And Wages": NaN,
        "Gross Profit": 108918000.0,
        "Cost Of Revenue": 13321000.0,
        "Total Revenue": 122239000.0,
        "Operating Revenue": 122239000.0
    },
    "2024-06-30": {
        "Tax Effect Of Unusual Items": 0.0,
        "Tax Rate For Calcs": 0.084,
        "Normalized EBITDA": 17859000.0,
        "Net Income From Continuing Operation Net Minority Interest": 7014000.0,
        "Reconciled Depreciation": 2837000.0,
        "Reconciled Cost Of Revenue": 12943000.0,
        "EBITDA": 17859000.0,
        "EBIT": 15022000.0,
        "Net Interest Income": -7361000.0,
        "Interest Expense": 7361000.0,
        "Normalized Income": 7014000.0,
        "Net Income From Continuing And Discontinued Operation": 7014000.0,
        "Total Expenses": 114235000.0,
        "Total Operating Income As Reported": 9423000.0,
        "Diluted Average Shares": 103045000.0,
        "Basic Average Shares": 99171000.0,
        "Diluted EPS": 0.07,
        "Basic EPS": 0.07,
        "Diluted NI Availto Com Stockholders": 7014000.0,
        "Net Income Common Stockholders": 7014000.0,
        "Net Income": 7014000.0,
        "Net Income Including Noncontrolling Interests": 7014000.0,
        "Net Income Continuous Operations": 7014000.0,
        "Tax Provision": 647000.0,
        "Pretax Income": 7661000.0,
        "Other Income Expense": 5599000.0,
        "Other Non Operating Income Expenses": 5599000.0,
        "Net Non Operating Interest Income Expense": -7361000.0,
        "Interest Expense Non Operating": 7361000.0,
        "Operating Income": 9423000.0,
        "Operating Expense": 101292000.0,
        "Research And Development": 33310000.0,
        "Selling General And Administration": 67982000.0,
        "Selling And Marketing Expense": 51464000.0,
        "General And Administrative Expense": 16518000.0,
        "Other Gand A": 16518000.0,
        "Salaries And Wages": NaN,
        "Gross Profit": 110715000.0,
        "Cost Of Revenue": 12943000.0,
        "Total Revenue": 123658000.0,
        "Operating Revenue": 123658000.0
    },
    "2024-09-30": {
        "Tax Effect Of Unusual Items": 0.0,
        "Tax Rate For Calcs": 0.21,
        "Normalized EBITDA": 6220000.0,
        "Net Income From Continuing Operation Net Minority Interest": -2570000.0,
        "Reconciled Depreciation": 3139000.0,
        "Reconciled Cost Of Revenue": 12382000.0,
        "EBITDA": 6220000.0,
        "EBIT": 3081000.0,
        "Net Interest Income": -7475000.0,
        "Interest Expense": 7475000.0,
        "Normalized Income": -2570000.0,
        "Net Income From Continuing And Discontinued Operation": -2570000.0,
        "Total Expenses": 120323000.0,
        "Total Operating Income As Reported": -3239000.0,
        "Diluted Average Shares": 98485000.0,
        "Basic Average Shares": 98485000.0,
        "Diluted EPS": -0.03,
        "Basic EPS": -0.03,
        "Diluted NI Availto Com Stockholders": -2570000.0,
        "Net Income Common Stockholders": -2570000.0,
        "Net Income": -2570000.0,
        "Net Income Including Noncontrolling Interests": -2570000.0,
        "Net Income Continuous Operations": -2570000.0,
        "Tax Provision": -1824000.0,
        "Pretax Income": -4394000.0,
        "Other Income Expense": 6320000.0,
        "Other Non Operating Income Expenses": 6320000.0,
        "Net Non Operating Interest Income Expense": -7475000.0,
        "Interest Expense Non Operating": 7475000.0,
        "Operating Income": -3239000.0,
        "Operating Expense": 107941000.0,
        "Research And Development": 33705000.0,
        "Selling General And Administration": 74236000.0,
        "Selling And Marketing Expense": 52240000.0,
        "General And Administrative Expense": 21996000.0,
        "Other Gand A": 14870000.0,
        "Salaries And Wages": 7126000.0,
        "Gross Profit": 104702000.0,
        "Cost Of Revenue": 12382000.0,
        "Total Revenue": 117084000.0,
        "Operating Revenue": 117084000.0
    }
}