{
    "2023-03-31": {
        "Tax Effect Of Unusual Items": NaN,
        "Tax Rate For Calcs": NaN,
        "Normalized EBITDA": NaN,
        "Total Unusual Items": NaN,
        "Total Unusual Items Excluding Goodwill": NaN,
        "Net Income From Continuing Operation Net Minority Interest": NaN,
        "Reconciled Depreciation": NaN,
        "Reconciled Cost Of Revenue": NaN,
        "EBITDA": NaN,
        "EBIT": NaN,
        "Net Interest Income": NaN,
        "Interest Expense": NaN,
        "Interest Income": NaN,
        "Normalized Income": NaN,
        "Net Income From Continuing And Discontinued Operation": NaN,
        "Total Expenses": NaN,
        "Total Operating Income As Reported": NaN,
        "Diluted Average Shares": NaN,
        "Basic Average Shares": NaN,
        "Diluted EPS": NaN,
        "Basic EPS": NaN,
        "Diluted NI Availto Com Stockholders": NaN,
        "Net Income Common Stockholders": NaN,
        "Net Income": NaN,
        "Net Income Including Noncontrolling Interests": NaN,
        "Net Income Continuous Operations": NaN,
        "Earnings From Equity Interest Net Of Tax": 0.0,
        "Tax Provision": NaN,
        "Pretax Income": NaN,
        "Other Income Expense": NaN,
        "Other Non Operating Income Expenses": NaN,
        "Special Income Charges": NaN,
        "Gain On Sale Of Ppe": NaN,
        "Earnings From Equity Interest": NaN,
        "Gain On Sale Of Security": NaN,
        "Net Non Operating Interest Income Expense": NaN,
        "Interest Expense Non Operating": NaN,
        "Interest Income Non Operating": NaN,
        "Operating Income": NaN,
        "Operating Expense": NaN,
        "Other Operating Expenses": NaN,
        "Research And Development": NaN,
        "Selling General And Administration": NaN,
        "General And Administrative Expense": NaN,
        "Other Gand A": NaN,
        "Salaries And Wages": NaN,
        "Gross Profit": NaN,
        "Cost Of Revenue": NaN,
        "Total Revenue": NaN,
        "Operating Revenue": NaN
    },
    "2022-12-31": {
        "Tax Effect Of Unusual Items": NaN,
        "Tax Rate For Calcs": NaN,
        "Normalized EBITDA": NaN,
        "Total Unusual Items": NaN,
        "Total Unusual Items Excluding Goodwill": NaN,
        "Net Income From Continuing Operation Net Minority Interest": NaN,
        "Reconciled Depreciation": NaN,
        "Reconciled Cost Of Revenue": NaN,
        "EBITDA": NaN,
        "EBIT": NaN,
        "Net Interest Income": NaN,
        "Interest Expense": NaN,
        "Interest Income": NaN,
        "Normalized Income": NaN,
        "Net Income From Continuing And Discontinued Operation": NaN,
        "Total Expenses": NaN,
        "Total Operating Income As Reported": NaN,
        "Diluted Average Shares": NaN,
        "Basic Average Shares": NaN,
        "Diluted EPS": NaN,
        "Basic EPS": NaN,
        "Diluted NI Availto Com Stockholders": NaN,
        "Net Income Common Stockholders": NaN,
        "Net Income": NaN,
        "Net Income Including Noncontrolling Interests": NaN,
        "Net Income Continuous Operations": NaN,
        "Earnings From Equity Interest Net Of Tax": 0.0,
        "Tax Provision": NaN,
        "Pretax Income": NaN,
        "Other Income Expense": NaN,
        "Other Non Operating Income Expenses": NaN,
        "Special Income Charges": NaN,
        "Gain On Sale Of Ppe": NaN,
        "Earnings From Equity Interest": NaN,
        "Gain On Sale Of Security": NaN,
        "Net Non Operating Interest Income Expense": NaN,
        "Interest Expense Non Operating": NaN,
        "Interest Income Non Operating": NaN,
        "Operating Income": NaN,
        "Operating Expense": NaN,
        "Other Operating Expenses": NaN,
        "Research And Development": NaN,
        "Selling General And Administration": NaN,
        "General And Administrative Expense": NaN,
        "Other Gand A": NaN,
        "Salaries And Wages": NaN,
        "Gross Profit": NaN,
        "Cost Of Revenue": NaN,
        "Total Revenue": NaN,
        "Operating Revenue": NaN
    },
    "2022-09-30": {
        "Tax Effect Of Unusual Items": NaN,
        "Tax Rate For Calcs": NaN,
        "Normalized EBITDA": NaN,
        "Total Unusual Items": NaN,
        "Total Unusual Items Excluding Goodwill": NaN,
        "Net Income From Continuing Operation Net Minority Interest": NaN,
        "Reconciled Depreciation": NaN,
        "Reconciled Cost Of Revenue": NaN,
        "EBITDA": NaN,
        "EBIT": NaN,
        "Net Interest Income": NaN,
        "Interest Expense": NaN,
        "Interest Income": NaN,
        "Normalized Income": NaN,
        "Net Income From Continuing And Discontinued Operation": NaN,
        "Total Expenses": NaN,
        "Total Operating Income As Reported": NaN,
        "Diluted Average Shares": 95908596.0,
        "Basic Average Shares": 95908596.0,
        "Diluted EPS": -1.7,
        "Basic EPS": -1.7,
        "Diluted NI Availto Com Stockholders": NaN,
        "Net Income Common Stockholders": NaN,
        "Net Income": NaN,
        "Net Income Including Noncontrolling Interests": NaN,
        "Net Income Continuous Operations": NaN,
        "Earnings From Equity Interest Net Of Tax": NaN,
        "Tax Provision": NaN,
        "Pretax Income": NaN,
        "Other Income Expense": NaN,
        "Other Non Operating Income Expenses": NaN,
        "Special Income Charges": 0.0,
        "Gain On Sale Of Ppe": 0.0,
        "Gain On Sale Of Security": NaN,
        "Net Non Operating Interest Income Expense": NaN,
        "Interest Expense Non Operating": NaN,
        "Interest Income Non Operating": NaN,
        "Operating Income": NaN,
        "Operating Expense": NaN,
        "Research And Development": NaN,
        "Selling General And Administration": NaN,
        "General And Administrative Expense": NaN,
        "Other Gand A": NaN,
        "Salaries And Wages": NaN,
        "Gross Profit": NaN,
        "Cost Of Revenue": NaN,
        "Total Revenue": NaN,
        "Operating Revenue": NaN
    },
    "2022-06-30": {
        "Tax Effect Of Unusual Items": 0.0,
        "Tax Rate For Calcs": 0.0,
        "Normalized EBITDA": -96855000.0,
        "Total Unusual Items": NaN,
        "Total Unusual Items Excluding Goodwill": NaN,
        "Net Income From Continuing Operation Net Minority Interest": -137933000.0,
        "Reconciled Depreciation": 1861000.0,
        "Reconciled Cost Of Revenue": 17407000.0,
        "EBITDA": -96855000.0,
        "EBIT": -98716000.0,
        "Net Interest Income": 1175000.0,
        "Interest Income": 1175000.0,
        "Normalized Income": -137933000.0,
        "Net Income From Continuing And Discontinued Operation": -137933000.0,
        "Total Expenses": 146892000.0,
        "Total Operating Income As Reported": -98716000.0,
        "Diluted Average Shares": 95768482.0,
        "Basic Average Shares": 95768482.0,
        "Diluted EPS": -1.4,
        "Basic EPS": -1.4,
        "Diluted NI Availto Com Stockholders": -137933000.0,
        "Net Income Common Stockholders": -137933000.0,
        "Net Income": -137933000.0,
        "Net Income Including Noncontrolling Interests": -137933000.0,
        "Net Income Continuous Operations": -137933000.0,
        "Earnings From Equity Interest Net Of Tax": 0.0,
        "Tax Provision": 0.0,
        "Pretax Income": -137933000.0,
        "Other Income Expense": -40392000.0,
        "Other Non Operating Income Expenses": -40392000.0,
        "Special Income Charges": NaN,
        "Gain On Sale Of Ppe": NaN,
        "Gain On Sale Of Security": NaN,
        "Net Non Operating Interest Income Expense": 1175000.0,
        "Interest Income Non Operating": 1175000.0,
        "Operating Income": -98716000.0,
        "Operating Expense": 129485000.0,
        "Research And Development": 66084000.0,
        "Selling General And Administration": 63401000.0,
        "General And Administrative Expense": 63401000.0,
        "Other Gand A": 22081000.0,
        "Salaries And Wages": 41320000.0,
        "Gross Profit": 30769000.0,
        "Cost Of Revenue": 17407000.0,
        "Total Revenue": 48176000.0,
        "Operating Revenue": 54940000.0
    },
    "2022-03-31": {
        "Diluted EPS": -0.86,
        "Total Revenue": 47,
        "Gross Profit": 31,
        "Operating Income": -80,
        "EBIT": -78,
        "Net Income": -82
    },
    "2021-12-31": {
        "Diluted EPS": -2.17,
        "Total Revenue": 44,
        "Gross Profit": 22,
        "Operating Income": -219,
        "EBIT": -218,
        "Net Income": -212
    },
    "2021-09-30": {
        "Diluted EPS": -1.01,
        "Total Revenue": 43,
        "Gross Profit": 31,
        "Operating Income": -83,
        "EBIT": -82,
        "Net Income": -96
    },
    "2021-06-30": {
        "Diluted EPS": -1.76,
        "Total Revenue": 37,
        "Gross Profit": 26,
        "Operating Income": -171,
        "EBIT": -169,
        "Net Income": -163
    },
    "2021-03-31": {
        "Diluted EPS": -2.64,
        "Total Revenue": 20,
        "Gross Profit": 13,
        "Operating Income": -227,
        "EBIT": -226,
        "Net Income": -233
    },
    "2020-12-31": {
        "Diluted EPS": -0.88,
        "Total Revenue": 15,
        "Gross Profit": 8,
        "Operating Income": -95,
        "EBIT": -94,
        "Net Income": -77
    },
    "2020-09-30": {
        "Diluted EPS": -0.84,
        "Total Revenue": 15,
        "Gross Profit": 10,
        "Operating Income": -76,
        "EBIT": -75,
        "Net Income": -64
    },
    "2020-06-30": {
        "Diluted EPS": 0.0,
        "Total Revenue": NaN,
        "Gross Profit": NaN,
        "Operating Income": NaN,
        "Net Income": NaN
    },
    "2020-03-31": {
        "Diluted EPS": -0.66,
        "Total Revenue": 8,
        "Gross Profit": 6,
        "Operating Income": -46,
        "EBIT": -45,
        "Net Income": -48
    },
    "2019-12-31": {
        "Diluted EPS": 0.0,
        "Total Revenue": NaN,
        "Gross Profit": NaN,
        "Operating Income": NaN,
        "EBIT": NaN,
        "Net Income": NaN
    },
    "2019-09-30": {
        "Diluted EPS": 0.0,
        "Total Revenue": NaN,
        "Gross Profit": NaN,
        "Operating Income": NaN,
        "EBIT": NaN,
        "Net Income": NaN
    },
    "2019-06-30": {
        "Diluted EPS": 0.0,
        "Total Revenue": NaN,
        "Gross Profit": NaN,
        "Operating Income": NaN,
        "EBIT": NaN,
        "Net Income": NaN
    },
    "2018-12-31": {
        "Diluted EPS": 0.0,
        "Total Revenue": NaN,
        "Gross Profit": NaN,
        "Operating Income": NaN,
        "EBIT": NaN,
        "Net Income": NaN
    },
    "2017-12-31": {
        "Diluted EPS": 0.0,
        "Total Revenue": NaN,
        "Gross Profit": NaN,
        "Operating Income": NaN,
        "EBIT": NaN,
        "Net Income": NaN
    },
    "2017-06-30": {
        "Diluted EPS": 0.0,
        "Total Revenue": NaN,
        "Gross Profit": NaN,
        "Operating Income": NaN,
        "EBIT": NaN,
        "Net Income": NaN
    },
    "2016-12-31": {
        "Diluted EPS": 0.0,
        "Total Revenue": NaN,
        "Gross Profit": NaN,
        "Operating Income": NaN,
        "EBIT": NaN,
        "Net Income": NaN
    },
    "2015-12-31": {
        "Diluted EPS": 0.0,
        "Total Revenue": NaN,
        "Gross Profit": NaN,
        "Operating Income": NaN,
        "EBIT": NaN,
        "Net Income": NaN
    },
    "2023-06-30": {
        "Tax Effect Of Unusual Items": NaN,
        "Tax Rate For Calcs": NaN,
        "Normalized EBITDA": NaN,
        "Total Unusual Items": NaN,
        "Total Unusual Items Excluding Goodwill": NaN,
        "Net Income From Continuing Operation Net Minority Interest": NaN,
        "Reconciled Depreciation": NaN,
        "Reconciled Cost Of Revenue": NaN,
        "EBITDA": NaN,
        "EBIT": NaN,
        "Net Interest Income": NaN,
        "Interest Expense": 0.0,
        "Interest Income": NaN,
        "Normalized Income": NaN,
        "Net Income From Continuing And Discontinued Operation": NaN,
        "Total Expenses": NaN,
        "Total Operating Income As Reported": NaN,
        "Diluted Average Shares": 96481731.0,
        "Basic Average Shares": 96481731.0,
        "Diluted EPS": -1.3,
        "Basic EPS": -1.3,
        "Diluted NI Availto Com Stockholders": NaN,
        "Net Income Common Stockholders": NaN,
        "Net Income": NaN,
        "Net Income Including Noncontrolling Interests": NaN,
        "Net Income Continuous Operations": NaN,
        "Earnings From Equity Interest Net Of Tax": 0.0,
        "Tax Provision": NaN,
        "Pretax Income": NaN,
        "Other Income Expense": NaN,
        "Other Non Operating Income Expenses": NaN,
        "Special Income Charges": 10000000.0,
        "Gain On Sale Of Ppe": 10000000.0,
        "Earnings From Equity Interest": -1744000.0,
        "Gain On Sale Of Security": NaN,
        "Net Non Operating Interest Income Expense": NaN,
        "Interest Expense Non Operating": 0.0,
        "Interest Income Non Operating": NaN,
        "Operating Income": NaN,
        "Operating Expense": NaN,
        "Other Operating Expenses": -83000.0,
        "Research And Development": NaN,
        "Selling General And Administration": NaN,
        "General And Administrative Expense": NaN,
        "Other Gand A": NaN,
        "Salaries And Wages": NaN,
        "Gross Profit": NaN,
        "Cost Of Revenue": NaN,
        "Total Revenue": NaN,
        "Operating Revenue": NaN
    },
    "2023-09-30": {
        "Tax Effect Of Unusual Items": 0.0,
        "Tax Rate For Calcs": 0.0,
        "Normalized EBITDA": -72086000.0,
        "Total Unusual Items": 4852000.0,
        "Total Unusual Items Excluding Goodwill": 4852000.0,
        "Net Income From Continuing Operation Net Minority Interest": -69152000.0,
        "Reconciled Depreciation": 1918000.0,
        "Reconciled Cost Of Revenue": 25479000.0,
        "EBITDA": -67234000.0,
        "EBIT": -69152000.0,
        "Net Interest Income": 9172000.0,
        "Interest Expense": 0.0,
        "Interest Income": 9172000.0,
        "Normalized Income": -74004000.0,
        "Net Income From Continuing And Discontinued Operation": -69152000.0,
        "Total Expenses": 152127000.0,
        "Total Operating Income As Reported": -83570000.0,
        "Diluted Average Shares": 96876773.0,
        "Basic Average Shares": 96876773.0,
        "Diluted EPS": -0.7,
        "Basic EPS": -0.7,
        "Diluted NI Availto Com Stockholders": -69152000.0,
        "Net Income Common Stockholders": -69152000.0,
        "Net Income": -69152000.0,
        "Net Income Including Noncontrolling Interests": -69152000.0,
        "Net Income Continuous Operations": -69152000.0,
        "Earnings From Equity Interest Net Of Tax": 0.0,
        "Tax Provision": 0.0,
        "Pretax Income": -69152000.0,
        "Other Income Expense": 4575000.0,
        "Other Non Operating Income Expenses": 384000.0,
        "Special Income Charges": 0.0,
        "Gain On Sale Of Ppe": 0.0,
        "Earnings From Equity Interest": -661000.0,
        "Gain On Sale Of Security": 4852000.0,
        "Net Non Operating Interest Income Expense": 9172000.0,
        "Interest Expense Non Operating": 0.0,
        "Interest Income Non Operating": 9172000.0,
        "Operating Income": -82899000.0,
        "Operating Expense": 126648000.0,
        "Other Operating Expenses": -671000.0,
        "Research And Development": 58767000.0,
        "Selling General And Administration": 68552000.0,
        "General And Administrative Expense": 68552000.0,
        "Other Gand A": 23142000.0,
        "Salaries And Wages": 45410000.0,
        "Gross Profit": 43749000.0,
        "Cost Of Revenue": 25479000.0,
        "Total Revenue": 69228000.0,
        "Operating Revenue": 74018000.0
    },
    "2023-12-31": {
        "Tax Effect Of Unusual Items": 0.0,
        "Tax Rate For Calcs": 0.0,
        "Normalized EBITDA": -130554000.0,
        "Total Unusual Items": 11465000.0,
        "Total Unusual Items Excluding Goodwill": 11465000.0,
        "Net Income From Continuing Operation Net Minority Interest": -95429000.0,
        "Reconciled Depreciation": 2459000.0,
        "Reconciled Cost Of Revenue": 25237000.0,
        "EBITDA": -119089000.0,
        "EBIT": -121548000.0,
        "Net Interest Income": 10304000.0,
        "Interest Expense": NaN,
        "Interest Income": 10304000.0,
        "Normalized Income": -106894000.0,
        "Net Income From Continuing And Discontinued Operation": -95429000.0,
        "Total Expenses": 187378000.0,
        "Total Operating Income As Reported": -123981000.0,
        "Diluted Average Shares": NaN,
        "Basic Average Shares": NaN,
        "Diluted EPS": NaN,
        "Basic EPS": NaN,
        "Diluted NI Availto Com Stockholders": -95429000.0,
        "Net Income Common Stockholders": -95429000.0,
        "Net Income": -95429000.0,
        "Net Income Including Noncontrolling Interests": -95429000.0,
        "Net Income Continuous Operations": -95429000.0,
        "Earnings From Equity Interest Net Of Tax": 0.0,
        "Tax Provision": 0.0,
        "Pretax Income": -95429000.0,
        "Other Income Expense": 15815000.0,
        "Other Non Operating Income Expenses": 1561000.0,
        "Special Income Charges": 0.0,
        "Gain On Sale Of Ppe": 0.0,
        "Earnings From Equity Interest": NaN,
        "Gain On Sale Of Security": 11465000.0,
        "Net Non Operating Interest Income Expense": 10304000.0,
        "Interest Expense Non Operating": NaN,
        "Interest Income Non Operating": 10304000.0,
        "Operating Income": -121548000.0,
        "Operating Expense": 162141000.0,
        "Other Operating Expenses": NaN,
        "Research And Development": 81948000.0,
        "Selling General And Administration": 82626000.0,
        "General And Administrative Expense": 82626000.0,
        "Other Gand A": 38435000.0,
        "Salaries And Wages": 44191000.0,
        "Gross Profit": 40593000.0,
        "Cost Of Revenue": 25237000.0,
        "Total Revenue": 65830000.0,
        "Operating Revenue": 78671000.0
    },
    "2024-03-31": {
        "Tax Effect Of Unusual Items": 0.0,
        "Tax Rate For Calcs": 0.0,
        "Normalized EBITDA": -48278000.0,
        "Total Unusual Items": -2068000.0,
        "Total Unusual Items Excluding Goodwill": -2068000.0,
        "Net Income From Continuing Operation Net Minority Interest": -53471000.0,
        "Reconciled Depreciation": 3012000.0,
        "Reconciled Cost Of Revenue": 33619000.0,
        "EBITDA": -50346000.0,
        "EBIT": -53358000.0,
        "Net Interest Income": 9545000.0,
        "Interest Expense": 113000.0,
        "Interest Income": 9658000.0,
        "Normalized Income": -51403000.0,
        "Net Income From Continuing And Discontinued Operation": -53471000.0,
        "Total Expenses": 157458000.0,
        "Total Operating Income As Reported": -70309000.0,
        "Diluted Average Shares": 97314576.0,
        "Basic Average Shares": 97314576.0,
        "Diluted EPS": -0.5,
        "Basic EPS": -0.5,
        "Diluted NI Availto Com Stockholders": -53471000.0,
        "Net Income Common Stockholders": -53471000.0,
        "Net Income": -53471000.0,
        "Net Income Including Noncontrolling Interests": -53471000.0,
        "Net Income Continuous Operations": -53471000.0,
        "Earnings From Equity Interest Net Of Tax": NaN,
        "Tax Provision": 0.0,
        "Pretax Income": -53471000.0,
        "Other Income Expense": 7293000.0,
        "Other Non Operating Income Expenses": 9361000.0,
        "Special Income Charges": NaN,
        "Gain On Sale Of Ppe": NaN,
        "Earnings From Equity Interest": NaN,
        "Gain On Sale Of Security": -2068000.0,
        "Net Non Operating Interest Income Expense": 9545000.0,
        "Interest Expense Non Operating": 113000.0,
        "Interest Income Non Operating": 9658000.0,
        "Operating Income": -70309000.0,
        "Operating Expense": 123839000.0,
        "Other Operating Expenses": NaN,
        "Research And Development": 54645000.0,
        "Selling General And Administration": 69194000.0,
        "General And Administrative Expense": 69194000.0,
        "Other Gand A": 23300000.0,
        "Salaries And Wages": 45894000.0,
        "Gross Profit": 53530000.0,
        "Cost Of Revenue": 33619000.0,
        "Total Revenue": 87149000.0,
        "Operating Revenue": 93112000.0
    },
    "2024-06-30": {
        "Tax Effect Of Unusual Items": 0.0,
        "Tax Rate For Calcs": 0.0,
        "Normalized EBITDA": -72736000.0,
        "Total Unusual Items": -4108000.0,
        "Total Unusual Items Excluding Goodwill": -4108000.0,
        "Net Income From Continuing Operation Net Minority Interest": -80277000.0,
        "Reconciled Depreciation": 2941000.0,
        "Reconciled Cost Of Revenue": 35233000.0,
        "EBITDA": -76844000.0,
        "EBIT": -79785000.0,
        "Net Interest Income": 8838000.0,
        "Interest Expense": 492000.0,
        "Interest Income": 9330000.0,
        "Normalized Income": -76169000.0,
        "Net Income From Continuing And Discontinued Operation": -80277000.0,
        "Total Expenses": 176034000.0,
        "Total Operating Income As Reported": -76064000.0,
        "Diluted Average Shares": 97593779.0,
        "Basic Average Shares": 97593779.0,
        "Diluted EPS": -0.8,
        "Basic EPS": -0.8,
        "Diluted NI Availto Com Stockholders": -80277000.0,
        "Net Income Common Stockholders": -80277000.0,
        "Net Income": -80277000.0,
        "Net Income Including Noncontrolling Interests": -80277000.0,
        "Net Income Continuous Operations": -80277000.0,
        "Earnings From Equity Interest Net Of Tax": NaN,
        "Tax Provision": 0.0,
        "Pretax Income": -80277000.0,
        "Other Income Expense": -13585000.0,
        "Other Non Operating Income Expenses": 558000.0,
        "Special Income Charges": 0.0,
        "Gain On Sale Of Ppe": 0.0,
        "Earnings From Equity Interest": -10035000.0,
        "Gain On Sale Of Security": -4108000.0,
        "Net Non Operating Interest Income Expense": 8838000.0,
        "Interest Expense Non Operating": 492000.0,
        "Interest Income Non Operating": 9330000.0,
        "Operating Income": -75530000.0,
        "Operating Expense": 140801000.0,
        "Other Operating Expenses": -534000.0,
        "Research And Development": 61625000.0,
        "Selling General And Administration": 79710000.0,
        "General And Administrative Expense": 79710000.0,
        "Other Gand A": 31431000.0,
        "Salaries And Wages": 48279000.0,
        "Gross Profit": 65271000.0,
        "Cost Of Revenue": 35233000.0,
        "Total Revenue": 100504000.0,
        "Operating Revenue": 107009000.0
    },
    "2024-09-30": {
        "Tax Effect Of Unusual Items": 0.0,
        "Tax Rate For Calcs": 0.0,
        "Normalized EBITDA": -52512000.0,
        "Total Unusual Items": 14457000.0,
        "Total Unusual Items Excluding Goodwill": 14457000.0,
        "Net Income From Continuing Operation Net Minority Interest": -41671000.0,
        "Reconciled Depreciation": 2871000.0,
        "Reconciled Cost Of Revenue": 36917000.0,
        "EBITDA": -38055000.0,
        "EBIT": -40926000.0,
        "Net Interest Income": 8284000.0,
        "Interest Expense": 745000.0,
        "Interest Income": 9029000.0,
        "Normalized Income": -56128000.0,
        "Net Income From Continuing And Discontinued Operation": -41671000.0,
        "Total Expenses": 166257000.0,
        "Total Operating Income As Reported": -67853000.0,
        "Diluted Average Shares": 98168739.0,
        "Basic Average Shares": 98168739.0,
        "Diluted EPS": -0.4,
        "Basic EPS": -0.4,
        "Diluted NI Availto Com Stockholders": -41671000.0,
        "Net Income Common Stockholders": -41671000.0,
        "Net Income": -41671000.0,
        "Net Income Including Noncontrolling Interests": -41671000.0,
        "Net Income Continuous Operations": -41671000.0,
        "Earnings From Equity Interest Net Of Tax": NaN,
        "Tax Provision": 0.0,
        "Pretax Income": -41671000.0,
        "Other Income Expense": 14037000.0,
        "Other Non Operating Income Expenses": 500000.0,
        "Special Income Charges": 0.0,
        "Gain On Sale Of Ppe": 0.0,
        "Earnings From Equity Interest": -920000.0,
        "Gain On Sale Of Security": 14457000.0,
        "Net Non Operating Interest Income Expense": 8284000.0,
        "Interest Expense Non Operating": 745000.0,
        "Interest Income Non Operating": 9029000.0,
        "Operating Income": -63992000.0,
        "Operating Expense": 129340000.0,
        "Other Operating Expenses": -3861000.0,
        "Research And Development": 65982000.0,
        "Selling General And Administration": 67219000.0,
        "General And Administrative Expense": 67219000.0,
        "Other Gand A": 27235000.0,
        "Salaries And Wages": 39984000.0,
        "Gross Profit": 65348000.0,
        "Cost Of Revenue": 36917000.0,
        "Total Revenue": 102265000.0,
        "Operating Revenue": 108096000.0
    }
}