{
    "2023-04-30": {
        "Tax Effect Of Unusual Items": NaN,
        "Tax Rate For Calcs": NaN,
        "Normalized EBITDA": NaN,
        "Total Unusual Items": NaN,
        "Total Unusual Items Excluding Goodwill": NaN,
        "Net Income From Continuing Operation Net Minority Interest": NaN,
        "Reconciled Depreciation": NaN,
        "Reconciled Cost Of Revenue": NaN,
        "EBITDA": NaN,
        "EBIT": NaN,
        "Normalized Income": NaN,
        "Net Income From Continuing And Discontinued Operation": NaN,
        "Total Expenses": NaN,
        "Total Operating Income As Reported": NaN,
        "Diluted Average Shares": NaN,
        "Basic Average Shares": NaN,
        "Diluted EPS": NaN,
        "Basic EPS": NaN,
        "Diluted NI Availto Com Stockholders": NaN,
        "Net Income Common Stockholders": NaN,
        "Otherunder Preferred Stock Dividend": 0.0,
        "Net Income": NaN,
        "Net Income Including Noncontrolling Interests": NaN,
        "Net Income Continuous Operations": NaN,
        "Tax Provision": NaN,
        "Pretax Income": NaN,
        "Other Income Expense": NaN,
        "Other Non Operating Income Expenses": NaN,
        "Gain On Sale Of Security": NaN,
        "Operating Income": NaN,
        "Operating Expense": NaN,
        "Research And Development": NaN,
        "Selling General And Administration": NaN,
        "Selling And Marketing Expense": NaN,
        "General And Administrative Expense": NaN,
        "Other Gand A": NaN,
        "Gross Profit": NaN,
        "Cost Of Revenue": NaN,
        "Total Revenue": NaN,
        "Operating Revenue": NaN
    },
    "2023-01-31": {
        "Tax Effect Of Unusual Items": NaN,
        "Tax Rate For Calcs": NaN,
        "Normalized EBITDA": NaN,
        "Total Unusual Items": NaN,
        "Total Unusual Items Excluding Goodwill": NaN,
        "Net Income From Continuing Operation Net Minority Interest": NaN,
        "Reconciled Depreciation": NaN,
        "Reconciled Cost Of Revenue": NaN,
        "EBITDA": NaN,
        "EBIT": NaN,
        "Normalized Income": NaN,
        "Net Income From Continuing And Discontinued Operation": NaN,
        "Total Expenses": NaN,
        "Total Operating Income As Reported": NaN,
        "Diluted Average Shares": NaN,
        "Basic Average Shares": NaN,
        "Diluted EPS": NaN,
        "Basic EPS": NaN,
        "Diluted NI Availto Com Stockholders": NaN,
        "Net Income Common Stockholders": NaN,
        "Otherunder Preferred Stock Dividend": -10000.0,
        "Net Income": NaN,
        "Net Income Including Noncontrolling Interests": NaN,
        "Net Income Continuous Operations": NaN,
        "Tax Provision": NaN,
        "Pretax Income": NaN,
        "Other Income Expense": NaN,
        "Other Non Operating Income Expenses": NaN,
        "Gain On Sale Of Security": NaN,
        "Operating Income": NaN,
        "Operating Expense": NaN,
        "Research And Development": NaN,
        "Selling General And Administration": NaN,
        "Selling And Marketing Expense": NaN,
        "General And Administrative Expense": NaN,
        "Other Gand A": NaN,
        "Gross Profit": NaN,
        "Cost Of Revenue": NaN,
        "Total Revenue": NaN,
        "Operating Revenue": NaN
    },
    "2022-10-31": {
        "Tax Effect Of Unusual Items": -807066.0,
        "Tax Rate For Calcs": 0.117,
        "Normalized EBITDA": 95172000.0,
        "Total Unusual Items": -6898000.0,
        "Total Unusual Items Excluding Goodwill": -6898000.0,
        "Net Income From Continuing Operation Net Minority Interest": 48353000.0,
        "Reconciled Depreciation": 21766000.0,
        "Reconciled Cost Of Revenue": 270665000.0,
        "EBITDA": 88274000.0,
        "EBIT": 66508000.0,
        "Normalized Income": 54443934.0,
        "Net Income From Continuing And Discontinued Operation": 48353000.0,
        "Total Expenses": 1035391000.0,
        "Total Operating Income As Reported": 66508000.0,
        "Diluted Average Shares": 301986341.0,
        "Basic Average Shares": 295537026.0,
        "Diluted EPS": 0.16,
        "Basic EPS": 0.16,
        "Diluted NI Availto Com Stockholders": 48353000.0,
        "Net Income Common Stockholders": 48353000.0,
        "Otherunder Preferred Stock Dividend": 0.0,
        "Net Income": 48353000.0,
        "Net Income Including Noncontrolling Interests": 48353000.0,
        "Net Income Continuous Operations": 48353000.0,
        "Tax Provision": 6396000.0,
        "Pretax Income": 54749000.0,
        "Other Income Expense": -11759000.0,
        "Other Non Operating Income Expenses": -4861000.0,
        "Gain On Sale Of Security": -6898000.0,
        "Operating Income": 66508000.0,
        "Operating Expense": 764726000.0,
        "Research And Development": 195946000.0,
        "Selling General And Administration": 568780000.0,
        "Selling And Marketing Expense": 427747000.0,
        "General And Administrative Expense": 141033000.0,
        "Other Gand A": 141033000.0,
        "Gross Profit": 831234000.0,
        "Cost Of Revenue": 270665000.0,
        "Total Revenue": 1101899000.0,
        "Operating Revenue": 1101899000.0
    },
    "2022-07-31": {
        "Tax Effect Of Unusual Items": -13884800.0,
        "Tax Rate For Calcs": 0.4,
        "Normalized EBITDA": 177330000.0,
        "Total Unusual Items": -34712000.0,
        "Total Unusual Items Excluding Goodwill": -34712000.0,
        "Net Income From Continuing Operation Net Minority Interest": 45750000.0,
        "Reconciled Depreciation": 20875000.0,
        "Reconciled Cost Of Revenue": 273611000.0,
        "EBITDA": 142618000.0,
        "EBIT": 121743000.0,
        "Normalized Income": 66577200.0,
        "Net Income From Continuing And Discontinued Operation": 45750000.0,
        "Total Expenses": 977715000.0,
        "Total Operating Income As Reported": 121743000.0,
        "Diluted Average Shares": 307160840.0,
        "Basic Average Shares": 298553379.0,
        "Diluted EPS": 0.15,
        "Basic EPS": 0.15,
        "Diluted NI Availto Com Stockholders": 45746000.0,
        "Net Income Common Stockholders": 45746000.0,
        "Otherunder Preferred Stock Dividend": 4000.0,
        "Net Income": 45750000.0,
        "Net Income Including Noncontrolling Interests": 45750000.0,
        "Net Income Continuous Operations": 45750000.0,
        "Tax Provision": 44649000.0,
        "Pretax Income": 90399000.0,
        "Other Income Expense": -31344000.0,
        "Other Non Operating Income Expenses": 3368000.0,
        "Gain On Sale Of Security": -34712000.0,
        "Operating Income": 121743000.0,
        "Operating Expense": 704104000.0,
        "Research And Development": 172564000.0,
        "Selling General And Administration": 531540000.0,
        "Selling And Marketing Expense": 400474000.0,
        "General And Administrative Expense": 131066000.0,
        "Other Gand A": 131066000.0,
        "Gross Profit": 825847000.0,
        "Cost Of Revenue": 273611000.0,
        "Total Revenue": 1099458000.0,
        "Operating Revenue": 1099458000.0
    },
    "2023-07-31": {
        "Tax Effect Of Unusual Items": 8645910.0,
        "Tax Rate For Calcs": 0.273,
        "Normalized EBITDA": 172074000.0,
        "Total Unusual Items": 31670000.0,
        "Total Unusual Items Excluding Goodwill": 31670000.0,
        "Net Income From Continuing Operation Net Minority Interest": 181974000.0,
        "Reconciled Depreciation": 26126000.0,
        "Reconciled Cost Of Revenue": 266559000.0,
        "EBITDA": 203744000.0,
        "EBIT": 177618000.0,
        "Normalized Income": 158949910.0,
        "Net Income From Continuing And Discontinued Operation": 181974000.0,
        "Total Expenses": 961058000.0,
        "Total Operating Income As Reported": 177618000.0,
        "Diluted Average Shares": 305932596.0,
        "Basic Average Shares": 299093452.0,
        "Diluted EPS": 0.59,
        "Basic EPS": 0.61,
        "Diluted NI Availto Com Stockholders": 181974000.0,
        "Net Income Common Stockholders": 181974000.0,
        "Otherunder Preferred Stock Dividend": 0.0,
        "Net Income": 181974000.0,
        "Net Income Including Noncontrolling Interests": 181974000.0,
        "Net Income Continuous Operations": 181974000.0,
        "Tax Provision": 68399000.0,
        "Pretax Income": 250373000.0,
        "Other Income Expense": 72755000.0,
        "Other Non Operating Income Expenses": 41085000.0,
        "Gain On Sale Of Security": 31670000.0,
        "Operating Income": 177618000.0,
        "Operating Expense": 694499000.0,
        "Research And Development": 191802000.0,
        "Selling General And Administration": 502697000.0,
        "Selling And Marketing Expense": 373373000.0,
        "General And Administrative Expense": 129324000.0,
        "Other Gand A": 129324000.0,
        "Gross Profit": 872117000.0,
        "Cost Of Revenue": 266559000.0,
        "Total Revenue": 1138676000.0,
        "Operating Revenue": 1138676000.0
    },
    "2023-10-31": {
        "Tax Effect Of Unusual Items": -6113040.0,
        "Tax Rate For Calcs": 0.24,
        "Normalized EBITDA": 221837000.0,
        "Total Unusual Items": -25471000.0,
        "Total Unusual Items Excluding Goodwill": -25471000.0,
        "Net Income From Continuing Operation Net Minority Interest": 141212000.0,
        "Reconciled Depreciation": 26977000.0,
        "Reconciled Cost Of Revenue": 270988000.0,
        "EBITDA": 196366000.0,
        "EBIT": 169389000.0,
        "Normalized Income": 160569960.0,
        "Net Income From Continuing And Discontinued Operation": 141212000.0,
        "Total Expenses": 967338000.0,
        "Total Operating Income As Reported": 169389000.0,
        "Diluted Average Shares": 310389905.0,
        "Basic Average Shares": 302493182.0,
        "Diluted EPS": 0.45,
        "Basic EPS": 0.47,
        "Diluted NI Availto Com Stockholders": 141212000.0,
        "Net Income Common Stockholders": 141212000.0,
        "Otherunder Preferred Stock Dividend": 0.0,
        "Net Income": 141212000.0,
        "Net Income Including Noncontrolling Interests": 141212000.0,
        "Net Income Continuous Operations": 141212000.0,
        "Tax Provision": 44614000.0,
        "Pretax Income": 185826000.0,
        "Other Income Expense": 16437000.0,
        "Other Non Operating Income Expenses": 41908000.0,
        "Gain On Sale Of Security": -25471000.0,
        "Operating Income": 169389000.0,
        "Operating Expense": 696350000.0,
        "Research And Development": 196832000.0,
        "Selling General And Administration": 499518000.0,
        "Selling And Marketing Expense": 374378000.0,
        "General And Administrative Expense": 125140000.0,
        "Other Gand A": 125140000.0,
        "Gross Profit": 865739000.0,
        "Cost Of Revenue": 270988000.0,
        "Total Revenue": 1136727000.0,
        "Operating Revenue": 1136727000.0
    },
    "2024-01-31": {
        "Tax Effect Of Unusual Items": 15515482.740738,
        "Tax Rate For Calcs": 0.15317,
        "Normalized EBITDA": 94506000.0,
        "Total Unusual Items": 101296000.0,
        "Total Unusual Items Excluding Goodwill": 101296000.0,
        "Net Income From Continuing Operation Net Minority Interest": 298832000.0,
        "Reconciled Depreciation": 27272000.0,
        "Reconciled Cost Of Revenue": 276307000.0,
        "EBITDA": 195802000.0,
        "EBIT": 168530000.0,
        "Normalized Income": 213051482.740738,
        "Net Income From Continuing And Discontinued Operation": 298832000.0,
        "Total Expenses": 977927000.0,
        "Total Operating Income As Reported": 168530000.0,
        "Diluted Average Shares": 313467303.0,
        "Basic Average Shares": 305822936.0,
        "Diluted EPS": 0.95,
        "Basic EPS": 0.98,
        "Diluted NI Availto Com Stockholders": 298832000.0,
        "Net Income Common Stockholders": 298832000.0,
        "Otherunder Preferred Stock Dividend": 0.0,
        "Net Income": 298832000.0,
        "Net Income Including Noncontrolling Interests": 298832000.0,
        "Net Income Continuous Operations": 298832000.0,
        "Tax Provision": 54051000.0,
        "Pretax Income": 352883000.0,
        "Other Income Expense": 184353000.0,
        "Other Non Operating Income Expenses": 83057000.0,
        "Gain On Sale Of Security": 101296000.0,
        "Operating Income": 168530000.0,
        "Operating Expense": 701620000.0,
        "Research And Development": 205282000.0,
        "Selling General And Administration": 496338000.0,
        "Selling And Marketing Expense": 371052000.0,
        "General And Administrative Expense": 125286000.0,
        "Other Gand A": 125286000.0,
        "Gross Profit": 870150000.0,
        "Cost Of Revenue": 276307000.0,
        "Total Revenue": 1146457000.0,
        "Operating Revenue": 1146457000.0
    },
    "2024-04-30": {
        "Tax Effect Of Unusual Items": 4494686.0,
        "Tax Rate For Calcs": 0.259,
        "Normalized EBITDA": 212335000.0,
        "Total Unusual Items": 17354000.0,
        "Total Unusual Items Excluding Goodwill": 17354000.0,
        "Net Income From Continuing Operation Net Minority Interest": 216308000.0,
        "Reconciled Depreciation": 26667000.0,
        "Reconciled Cost Of Revenue": 273302000.0,
        "EBITDA": 229689000.0,
        "EBIT": 203022000.0,
        "Normalized Income": 203448686.0,
        "Net Income From Continuing And Discontinued Operation": 216308000.0,
        "Total Expenses": 938212000.0,
        "Total Operating Income As Reported": 203022000.0,
        "Diluted Average Shares": 315360678.0,
        "Basic Average Shares": 308700582.0,
        "Diluted EPS": 0.69,
        "Basic EPS": 0.7,
        "Diluted NI Availto Com Stockholders": 216308000.0,
        "Net Income Common Stockholders": 216308000.0,
        "Otherunder Preferred Stock Dividend": NaN,
        "Net Income": 216308000.0,
        "Net Income Including Noncontrolling Interests": 216308000.0,
        "Net Income Continuous Operations": 216308000.0,
        "Tax Provision": 75656000.0,
        "Pretax Income": 291964000.0,
        "Other Income Expense": 88942000.0,
        "Other Non Operating Income Expenses": 71588000.0,
        "Gain On Sale Of Security": 17354000.0,
        "Operating Income": 203022000.0,
        "Operating Expense": 664910000.0,
        "Research And Development": 205558000.0,
        "Selling General And Administration": 459352000.0,
        "Selling And Marketing Expense": 348008000.0,
        "General And Administrative Expense": 111344000.0,
        "Other Gand A": 111344000.0,
        "Gross Profit": 867932000.0,
        "Cost Of Revenue": 273302000.0,
        "Total Revenue": 1141234000.0,
        "Operating Revenue": 1141234000.0
    },
    "2024-07-31": {
        "Tax Effect Of Unusual Items": 782964.0,
        "Tax Rate For Calcs": 0.252,
        "Normalized EBITDA": 228347000.0,
        "Total Unusual Items": 3107000.0,
        "Total Unusual Items Excluding Goodwill": 3107000.0,
        "Net Income From Continuing Operation Net Minority Interest": 219015000.0,
        "Reconciled Depreciation": 29084000.0,
        "Reconciled Cost Of Revenue": 285089000.0,
        "EBITDA": 231454000.0,
        "EBIT": 202370000.0,
        "Normalized Income": 216690964.0,
        "Net Income From Continuing And Discontinued Operation": 219015000.0,
        "Total Expenses": 960150000.0,
        "Total Operating Income As Reported": 202370000.0,
        "Diluted Average Shares": 314027192.0,
        "Basic Average Shares": 309137807.0,
        "Diluted EPS": 0.7,
        "Basic EPS": 0.71,
        "Diluted NI Availto Com Stockholders": 219015000.0,
        "Net Income Common Stockholders": 219015000.0,
        "Otherunder Preferred Stock Dividend": NaN,
        "Net Income": 219015000.0,
        "Net Income Including Noncontrolling Interests": 219015000.0,
        "Net Income Continuous Operations": 219015000.0,
        "Tax Provision": 73874000.0,
        "Pretax Income": 292889000.0,
        "Other Income Expense": 90519000.0,
        "Other Non Operating Income Expenses": 87412000.0,
        "Gain On Sale Of Security": 3107000.0,
        "Operating Income": 202370000.0,
        "Operating Expense": 675061000.0,
        "Research And Development": 206756000.0,
        "Selling General And Administration": 468305000.0,
        "Selling And Marketing Expense": 358770000.0,
        "General And Administrative Expense": 109535000.0,
        "Other Gand A": 109535000.0,
        "Gross Profit": 877431000.0,
        "Cost Of Revenue": 285089000.0,
        "Total Revenue": 1162520000.0,
        "Operating Revenue": 1162520000.0
    }
}