{
    "2023-04-30": {
        "Tax Effect Of Unusual Items": 0.0,
        "Tax Rate For Calcs": 0.126206,
        "Normalized EBITDA": -15975000.0,
        "Net Income From Continuing Operation Net Minority Interest": -18382000.0,
        "Reconciled Depreciation": 5379000.0,
        "Reconciled Cost Of Revenue": 133529000.0,
        "EBITDA": -15975000.0,
        "EBIT": -21354000.0,
        "Net Interest Income": 858000.0,
        "Interest Income": 858000.0,
        "Normalized Income": -18382000.0,
        "Net Income From Continuing And Discontinued Operation": -18382000.0,
        "Total Expenses": 204241000.0,
        "Total Operating Income As Reported": -21354000.0,
        "Diluted Average Shares": 19197000.0,
        "Basic Average Shares": 19197000.0,
        "Diluted EPS": -0.96,
        "Basic EPS": -0.96,
        "Diluted NI Availto Com Stockholders": -18382000.0,
        "Net Income Common Stockholders": -18382000.0,
        "Net Income": -18382000.0,
        "Net Income Including Noncontrolling Interests": -18382000.0,
        "Net Income Continuous Operations": -18382000.0,
        "Tax Provision": -2655000.0,
        "Pretax Income": -21037000.0,
        "Other Income Expense": -541000.0,
        "Other Non Operating Income Expenses": -541000.0,
        "Net Non Operating Interest Income Expense": 858000.0,
        "Total Other Finance Cost": NaN,
        "Interest Income Non Operating": 858000.0,
        "Operating Income": -21354000.0,
        "Operating Expense": 70712000.0,
        "Selling General And Administration": 70712000.0,
        "Gross Profit": 49358000.0,
        "Cost Of Revenue": 133529000.0,
        "Total Revenue": 182887000.0,
        "Operating Revenue": 182887000.0
    },
    "2023-01-31": {
        "Tax Effect Of Unusual Items": 0.0,
        "Tax Rate For Calcs": 0.292049,
        "Normalized EBITDA": 21034000.0,
        "Net Income From Continuing Operation Net Minority Interest": 11432000.0,
        "Reconciled Depreciation": 5824000.0,
        "Reconciled Cost Of Revenue": 184841000.0,
        "EBITDA": 21034000.0,
        "EBIT": 15210000.0,
        "Net Interest Income": 645000.0,
        "Interest Income": 645000.0,
        "Normalized Income": 11432000.0,
        "Net Income From Continuing And Discontinued Operation": 11432000.0,
        "Total Expenses": 264900000.0,
        "Total Operating Income As Reported": 15210000.0,
        "Diluted Average Shares": 19255000.0,
        "Basic Average Shares": 19114000.0,
        "Diluted EPS": 0.59,
        "Basic EPS": 0.6,
        "Diluted NI Availto Com Stockholders": 11432000.0,
        "Net Income Common Stockholders": 11432000.0,
        "Net Income": 11432000.0,
        "Net Income Including Noncontrolling Interests": 11432000.0,
        "Net Income Continuous Operations": 11432000.0,
        "Tax Provision": 4716000.0,
        "Pretax Income": 16148000.0,
        "Other Income Expense": 293000.0,
        "Other Non Operating Income Expenses": 293000.0,
        "Net Non Operating Interest Income Expense": 645000.0,
        "Total Other Finance Cost": -645000.0,
        "Interest Income Non Operating": 645000.0,
        "Operating Income": 15210000.0,
        "Operating Expense": 80059000.0,
        "Selling General And Administration": 80059000.0,
        "Gross Profit": 95269000.0,
        "Cost Of Revenue": 184841000.0,
        "Total Revenue": 280110000.0,
        "Operating Revenue": 280110000.0
    },
    "2022-10-31": {
        "Tax Effect Of Unusual Items": 0.0,
        "Tax Rate For Calcs": 0.278743,
        "Normalized EBITDA": 15643000.0,
        "Net Income From Continuing Operation Net Minority Interest": 6932000.0,
        "Reconciled Depreciation": 5204000.0,
        "Reconciled Cost Of Revenue": 155608000.0,
        "EBITDA": 15643000.0,
        "EBIT": 10439000.0,
        "Net Interest Income": 428000.0,
        "Interest Income": 428000.0,
        "Normalized Income": 6932000.0,
        "Net Income From Continuing And Discontinued Operation": 6932000.0,
        "Total Expenses": 227152000.0,
        "Total Operating Income As Reported": 10439000.0,
        "Diluted Average Shares": 19248000.0,
        "Basic Average Shares": 19101000.0,
        "Diluted EPS": 0.36,
        "Basic EPS": 0.36,
        "Diluted NI Availto Com Stockholders": 6932000.0,
        "Net Income Common Stockholders": 6932000.0,
        "Net Income": 6932000.0,
        "Net Income Including Noncontrolling Interests": 6932000.0,
        "Net Income Continuous Operations": 6932000.0,
        "Tax Provision": 2679000.0,
        "Pretax Income": 9611000.0,
        "Other Income Expense": -1256000.0,
        "Other Non Operating Income Expenses": -1256000.0,
        "Net Non Operating Interest Income Expense": 428000.0,
        "Total Other Finance Cost": NaN,
        "Interest Income Non Operating": 428000.0,
        "Operating Income": 10439000.0,
        "Operating Expense": 71544000.0,
        "Selling General And Administration": 71544000.0,
        "Gross Profit": 81983000.0,
        "Cost Of Revenue": 155608000.0,
        "Total Revenue": 237591000.0,
        "Operating Revenue": 237591000.0
    },
    "2022-07-31": {
        "Tax Effect Of Unusual Items": 0.0,
        "Tax Rate For Calcs": 0.4,
        "Normalized EBITDA": 10137000.0,
        "Net Income From Continuing Operation Net Minority Interest": 3067000.0,
        "Reconciled Depreciation": 5182000.0,
        "Reconciled Cost Of Revenue": 144929000.0,
        "EBITDA": 10137000.0,
        "EBIT": 4955000.0,
        "Net Interest Income": 358000.0,
        "Interest Income": 358000.0,
        "Normalized Income": 3067000.0,
        "Net Income From Continuing And Discontinued Operation": 3067000.0,
        "Total Expenses": 215038000.0,
        "Total Operating Income As Reported": 4955000.0,
        "Diluted Average Shares": 19262000.0,
        "Basic Average Shares": 19084000.0,
        "Diluted EPS": 0.16,
        "Basic EPS": 0.16,
        "Diluted NI Availto Com Stockholders": 3067000.0,
        "Net Income Common Stockholders": 3067000.0,
        "Net Income": 3067000.0,
        "Net Income Including Noncontrolling Interests": 3067000.0,
        "Net Income Continuous Operations": 3067000.0,
        "Tax Provision": 2479000.0,
        "Pretax Income": 5546000.0,
        "Other Income Expense": 233000.0,
        "Other Non Operating Income Expenses": 233000.0,
        "Net Non Operating Interest Income Expense": 358000.0,
        "Total Other Finance Cost": NaN,
        "Interest Income Non Operating": 358000.0,
        "Operating Income": 4955000.0,
        "Operating Expense": 70109000.0,
        "Selling General And Administration": 70109000.0,
        "Gross Profit": 75064000.0,
        "Cost Of Revenue": 144929000.0,
        "Total Revenue": 219993000.0,
        "Operating Revenue": 219993000.0
    },
    "2022-04-30": {
        "Diluted EPS": -0.02,
        "Total Revenue": 221,
        "Gross Profit": 72,
        "Operating Income": 0,
        "EBIT": 6,
        "Net Income": 0
    },
    "2022-01-31": {
        "Diluted EPS": 1.63,
        "Total Revenue": 347,
        "Gross Profit": 134,
        "Operating Income": 52,
        "EBIT": 57,
        "Net Income": 38
    },
    "2021-10-31": {
        "Diluted EPS": 1.25,
        "Total Revenue": 289,
        "Gross Profit": 115,
        "Operating Income": 40,
        "EBIT": 46,
        "Net Income": 31
    },
    "2021-07-31": {
        "Diluted EPS": 0.94,
        "Total Revenue": 269,
        "Gross Profit": 105,
        "Operating Income": 32,
        "EBIT": 38,
        "Net Income": 24
    },
    "2021-04-30": {
        "Diluted EPS": 1.03,
        "Total Revenue": 279,
        "Gross Profit": 103,
        "Operating Income": 34,
        "EBIT": 40,
        "Net Income": 26
    },
    "2021-01-31": {
        "Diluted EPS": 1.67,
        "Total Revenue": 332,
        "Gross Profit": 130,
        "Operating Income": 54,
        "EBIT": 60,
        "Net Income": 43
    },
    "2020-10-31": {
        "Diluted EPS": 1.16,
        "Total Revenue": 271,
        "Gross Profit": 106,
        "Operating Income": 38,
        "EBIT": 44,
        "Net Income": 29
    },
    "2020-07-31": {
        "Diluted EPS": 1.01,
        "Total Revenue": 250,
        "Gross Profit": 91,
        "Operating Income": 33,
        "EBIT": 39,
        "Net Income": 25
    },
    "2020-04-30": {
        "Diluted EPS": -0.84,
        "Total Revenue": 138,
        "Gross Profit": 24,
        "Operating Income": -28,
        "EBIT": -22,
        "Net Income": -21
    },
    "2020-01-31": {
        "Diluted EPS": 1.48,
        "Total Revenue": 329,
        "Gross Profit": 128,
        "Operating Income": 49,
        "EBIT": 56,
        "Net Income": 38
    },
    "2019-10-31": {
        "Diluted EPS": 0.75,
        "Total Revenue": 264,
        "Gross Profit": 95,
        "Operating Income": 24,
        "EBIT": 31,
        "Net Income": 19
    },
    "2019-07-31": {
        "Diluted EPS": 0.36,
        "Total Revenue": 228,
        "Gross Profit": 77,
        "Operating Income": 12,
        "EBIT": 18,
        "Net Income": 9
    },
    "2019-04-30": {
        "Diluted EPS": 0.03,
        "Total Revenue": 213,
        "Gross Profit": 66,
        "Operating Income": 1,
        "EBIT": 7,
        "Net Income": 1
    },
    "2019-01-31": {
        "Diluted EPS": 1.17,
        "Total Revenue": 305,
        "Gross Profit": 114,
        "Operating Income": 38,
        "EBIT": 44,
        "Net Income": 30
    },
    "2018-10-31": {
        "Diluted EPS": 0.55,
        "Total Revenue": 249,
        "Gross Profit": 87,
        "Operating Income": 18,
        "EBIT": 26,
        "Net Income": 14
    },
    "2018-07-31": {
        "Diluted EPS": 0.17,
        "Total Revenue": 219,
        "Gross Profit": 73,
        "Operating Income": 7,
        "EBIT": 14,
        "Net Income": 4
    },
    "2018-04-30": {
        "Diluted EPS": -0.1,
        "Total Revenue": 206,
        "Gross Profit": 63,
        "Operating Income": -2,
        "EBIT": 5,
        "Net Income": -3
    },
    "2018-01-31": {
        "Diluted EPS": 0.8,
        "Total Revenue": 308,
        "Gross Profit": 115,
        "Operating Income": 37,
        "EBIT": 44,
        "Net Income": 20
    },
    "2017-10-31": {
        "Diluted EPS": 0.48,
        "Total Revenue": 246,
        "Gross Profit": 83,
        "Operating Income": 19,
        "EBIT": 26,
        "Net Income": 12
    },
    "2017-07-31": {
        "Diluted EPS": -0.02,
        "Total Revenue": 192,
        "Gross Profit": 60,
        "Operating Income": -1,
        "EBIT": 6,
        "Net Income": -1
    },
    "2017-04-30": {
        "Diluted EPS": -0.18,
        "Total Revenue": 181,
        "Gross Profit": 52,
        "Operating Income": -6,
        "EBIT": 0,
        "Net Income": -4
    },
    "2017-01-31": {
        "Diluted EPS": 0.72,
        "Total Revenue": 264,
        "Gross Profit": 94,
        "Operating Income": 28,
        "EBIT": 35,
        "Net Income": 18
    },
    "2016-10-31": {
        "Diluted EPS": 0.43,
        "Total Revenue": 221,
        "Gross Profit": 76,
        "Operating Income": 17,
        "EBIT": 24,
        "Net Income": 11
    },
    "2016-07-31": {
        "Diluted EPS": -0.03,
        "Total Revenue": 178,
        "Gross Profit": 55,
        "Operating Income": -1,
        "EBIT": 6,
        "Net Income": -1
    },
    "2016-04-30": {
        "Diluted EPS": -0.08,
        "Total Revenue": 173,
        "Gross Profit": 50,
        "Operating Income": -4,
        "EBIT": 3,
        "Net Income": -2
    },
    "2016-01-31": {
        "Diluted EPS": 0.48,
        "Total Revenue": 242,
        "Gross Profit": 84,
        "Operating Income": 22,
        "EBIT": 29,
        "Net Income": 13
    },
    "2015-10-31": {
        "Diluted EPS": 0.36,
        "Total Revenue": 204,
        "Gross Profit": 70,
        "Operating Income": 15,
        "EBIT": 23,
        "Net Income": 10
    },
    "2015-07-31": {
        "Diluted EPS": 0.11,
        "Total Revenue": 180,
        "Gross Profit": 58,
        "Operating Income": 5,
        "EBIT": 13,
        "Net Income": 3
    },
    "2015-04-30": {
        "Diluted EPS": 0.09,
        "Total Revenue": 178,
        "Gross Profit": 57,
        "Operating Income": 4,
        "EBIT": 12,
        "Net Income": 3
    },
    "2015-01-31": {
        "Diluted EPS": 0.58,
        "Total Revenue": 259,
        "Gross Profit": 98,
        "Operating Income": 31,
        "EBIT": 39,
        "Net Income": 18
    },
    "2014-10-31": {
        "Diluted EPS": 0.54,
        "Total Revenue": 213,
        "Gross Profit": 78,
        "Operating Income": 25,
        "EBIT": 32,
        "Net Income": 16
    },
    "2014-07-31": {
        "Diluted EPS": 0.26,
        "Total Revenue": 177,
        "Gross Profit": 61,
        "Operating Income": 12,
        "EBIT": 19,
        "Net Income": 7
    },
    "2014-04-30": {
        "Diluted EPS": 0.09,
        "Total Revenue": 163,
        "Gross Profit": 51,
        "Operating Income": 4,
        "EBIT": 11,
        "Net Income": 2
    },
    "2014-01-31": {
        "Diluted EPS": 0.89,
        "Total Revenue": 227,
        "Gross Profit": 88,
        "Operating Income": 40,
        "EBIT": 47,
        "Net Income": 27
    },
    "2013-10-31": {
        "Diluted EPS": 0.39,
        "Total Revenue": 191,
        "Gross Profit": 71,
        "Operating Income": 21,
        "EBIT": 28,
        "Net Income": 12
    },
    "2013-07-31": {
        "Diluted EPS": 0.16,
        "Total Revenue": 158,
        "Gross Profit": 55,
        "Operating Income": 8,
        "EBIT": 14,
        "Net Income": 5
    },
    "2013-04-30": {
        "Diluted EPS": 0.08,
        "Total Revenue": 148,
        "Gross Profit": 48,
        "Operating Income": 4,
        "EBIT": 10,
        "Net Income": 2
    },
    "2013-01-31": {
        "Diluted EPS": 0.74,
        "Total Revenue": 224,
        "Gross Profit": 86,
        "Operating Income": 36,
        "EBIT": 42,
        "Net Income": 23
    },
    "2012-10-31": {
        "Diluted EPS": 0.4,
        "Total Revenue": 180,
        "Gross Profit": 67,
        "Operating Income": 21,
        "EBIT": 27,
        "Net Income": 13
    },
    "2012-07-31": {
        "Diluted EPS": 0.07,
        "Total Revenue": 135,
        "Gross Profit": 46,
        "Operating Income": 4,
        "EBIT": 9,
        "Net Income": 2
    },
    "2012-04-30": {
        "Diluted EPS": 0.14,
        "Total Revenue": 130,
        "Gross Profit": 42,
        "Operating Income": 7,
        "EBIT": 13,
        "Net Income": 5
    },
    "2012-01-31": {
        "Diluted EPS": 0.61,
        "Total Revenue": 184,
        "Gross Profit": 72,
        "Operating Income": 31,
        "EBIT": 36,
        "Net Income": 19
    },
    "2011-10-31": {
        "Diluted EPS": 0.45,
        "Total Revenue": 154,
        "Gross Profit": 60,
        "Operating Income": 23,
        "EBIT": 28,
        "Net Income": 14
    },
    "2011-07-31": {
        "Diluted EPS": 0.08,
        "Total Revenue": 112,
        "Gross Profit": 37,
        "Operating Income": 4,
        "EBIT": 8,
        "Net Income": 3
    },
    "2011-04-30": {
        "Diluted EPS": 0.06,
        "Total Revenue": 106,
        "Gross Profit": 33,
        "Operating Income": 3,
        "EBIT": 7,
        "Net Income": 2
    },
    "2011-01-31": {
        "Diluted EPS": 0.49,
        "Total Revenue": 156,
        "Gross Profit": 59,
        "Operating Income": 24,
        "EBIT": 29,
        "Net Income": 15
    },
    "2010-10-31": {
        "Diluted EPS": 0.4,
        "Total Revenue": 136,
        "Gross Profit": 53,
        "Operating Income": 19,
        "EBIT": 23,
        "Net Income": 12
    },
    "2010-07-31": {
        "Diluted EPS": -0.04,
        "Total Revenue": 98,
        "Gross Profit": 30,
        "Operating Income": -2,
        "EBIT": 2,
        "Net Income": -1
    },
    "2010-04-30": {
        "Diluted EPS": -0.06,
        "Total Revenue": 89,
        "Gross Profit": 25,
        "Operating Income": -3,
        "EBIT": 1,
        "Net Income": -2
    },
    "2010-01-31": {
        "Diluted EPS": 0.29,
        "Total Revenue": 132,
        "Gross Profit": 47,
        "Operating Income": 13,
        "EBIT": 19,
        "Net Income": 9
    },
    "2009-10-31": {
        "Diluted EPS": 0.17,
        "Total Revenue": 113,
        "Gross Profit": 40,
        "Operating Income": 8,
        "EBIT": 14,
        "Net Income": 5
    },
    "2009-07-31": {
        "Diluted EPS": -0.1,
        "Total Revenue": 85,
        "Gross Profit": 25,
        "Operating Income": -5,
        "EBIT": 0,
        "Net Income": -3
    },
    "2009-04-30": {
        "Diluted EPS": -0.06,
        "Total Revenue": 77,
        "Gross Profit": 22,
        "Operating Income": -3,
        "EBIT": 2,
        "Net Income": -2
    },
    "2009-01-31": {
        "Diluted EPS": 0.21,
        "Total Revenue": 125,
        "Gross Profit": 41,
        "Operating Income": 9,
        "EBIT": 14,
        "Net Income": 6
    },
    "2023-07-31": {
        "Tax Effect Of Unusual Items": 0.0,
        "Tax Rate For Calcs": 0.084562,
        "Normalized EBITDA": -4991000.0,
        "Net Income From Continuing Operation Net Minority Interest": -8509000.0,
        "Reconciled Depreciation": 5502000.0,
        "Reconciled Cost Of Revenue": 132760000.0,
        "EBITDA": -4991000.0,
        "EBIT": -10493000.0,
        "Net Interest Income": 775000.0,
        "Interest Income": 775000.0,
        "Normalized Income": -8509000.0,
        "Net Income From Continuing And Discontinued Operation": -8509000.0,
        "Total Expenses": 204931000.0,
        "Total Operating Income As Reported": -10493000.0,
        "Diluted Average Shares": 19311000.0,
        "Basic Average Shares": 19311000.0,
        "Diluted EPS": -0.44,
        "Basic EPS": -0.44,
        "Diluted NI Availto Com Stockholders": -8509000.0,
        "Net Income Common Stockholders": -8509000.0,
        "Net Income": -8509000.0,
        "Net Income Including Noncontrolling Interests": -8509000.0,
        "Net Income Continuous Operations": -8509000.0,
        "Tax Provision": -786000.0,
        "Pretax Income": -9295000.0,
        "Other Income Expense": 423000.0,
        "Other Non Operating Income Expenses": 423000.0,
        "Net Non Operating Interest Income Expense": 775000.0,
        "Total Other Finance Cost": NaN,
        "Interest Income Non Operating": 775000.0,
        "Operating Income": -10493000.0,
        "Operating Expense": 72171000.0,
        "Selling General And Administration": 72171000.0,
        "Gross Profit": 61678000.0,
        "Cost Of Revenue": 132760000.0,
        "Total Revenue": 194438000.0,
        "Operating Revenue": 194438000.0
    }
}