{
    "2023-04-30": {
        "Tax Effect Of Unusual Items": 6300.0,
        "Tax Rate For Calcs": 0.21,
        "Normalized EBITDA": -10179000.0,
        "Total Unusual Items": 30000.0,
        "Total Unusual Items Excluding Goodwill": 30000.0,
        "Net Income From Continuing Operation Net Minority Interest": -19295000.0,
        "Reconciled Depreciation": 4290000.0,
        "Reconciled Cost Of Revenue": 37346000.0,
        "EBITDA": -10149000.0,
        "EBIT": -14439000.0,
        "Net Interest Income": 1323000.0,
        "Interest Expense": 4387000.0,
        "Interest Income": 5710000.0,
        "Normalized Income": -19318700.0,
        "Net Income From Continuing And Discontinued Operation": -19295000.0,
        "Total Expenses": 123274000.0,
        "Total Operating Income As Reported": -20179000.0,
        "Diluted Average Shares": 136190000.0,
        "Basic Average Shares": 136190000.0,
        "Diluted EPS": -0.14,
        "Basic EPS": -0.14,
        "Diluted NI Availto Com Stockholders": -19295000.0,
        "Net Income Common Stockholders": -19295000.0,
        "Net Income": -19295000.0,
        "Net Income Including Noncontrolling Interests": -19295000.0,
        "Net Income Continuous Operations": -19295000.0,
        "Tax Provision": 469000.0,
        "Pretax Income": -18826000.0,
        "Other Income Expense": 30000.0,
        "Gain On Sale Of Security": 30000.0,
        "Net Non Operating Interest Income Expense": 1323000.0,
        "Interest Expense Non Operating": 4387000.0,
        "Interest Income Non Operating": 5710000.0,
        "Operating Income": -20179000.0,
        "Operating Expense": 85928000.0,
        "Research And Development": 25668000.0,
        "Selling General And Administration": 60260000.0,
        "Selling And Marketing Expense": 41444000.0,
        "General And Administrative Expense": 18816000.0,
        "Other Gand A": 18816000.0,
        "Gross Profit": 65749000.0,
        "Cost Of Revenue": 37346000.0,
        "Total Revenue": 103095000.0,
        "Operating Revenue": 103095000.0
    },
    "2023-01-31": {
        "Tax Effect Of Unusual Items": -15778140.0,
        "Tax Rate For Calcs": 0.21,
        "Normalized EBITDA": -13788000.0,
        "Total Unusual Items": -75134000.0,
        "Total Unusual Items Excluding Goodwill": -75134000.0,
        "Net Income From Continuing Operation Net Minority Interest": -107858000.0,
        "Reconciled Depreciation": 5013000.0,
        "Reconciled Cost Of Revenue": 38065000.0,
        "EBITDA": -88922000.0,
        "EBIT": -93935000.0,
        "Net Interest Income": 1402000.0,
        "Interest Expense": 4486000.0,
        "Interest Income": 5888000.0,
        "Normalized Income": -48502140.0,
        "Net Income From Continuing And Discontinued Operation": -107858000.0,
        "Total Expenses": 127730000.0,
        "Total Operating Income As Reported": -99689000.0,
        "Diluted Average Shares": 134349000.0,
        "Basic Average Shares": 134349000.0,
        "Diluted EPS": -0.24,
        "Basic EPS": -0.24,
        "Diluted NI Availto Com Stockholders": -107858000.0,
        "Net Income Common Stockholders": -107858000.0,
        "Net Income": -107858000.0,
        "Net Income Including Noncontrolling Interests": -107858000.0,
        "Net Income Continuous Operations": -107858000.0,
        "Tax Provision": 9437000.0,
        "Pretax Income": -98421000.0,
        "Other Income Expense": -75134000.0,
        "Gain On Sale Of Security": -134000.0,
        "Net Non Operating Interest Income Expense": 1402000.0,
        "Interest Expense Non Operating": 4486000.0,
        "Interest Income Non Operating": 5888000.0,
        "Operating Income": -24689000.0,
        "Operating Expense": 89665000.0,
        "Research And Development": 24925000.0,
        "Selling General And Administration": 64740000.0,
        "Selling And Marketing Expense": 41295000.0,
        "General And Administrative Expense": 23445000.0,
        "Other Gand A": 23445000.0,
        "Gross Profit": 64976000.0,
        "Cost Of Revenue": 38065000.0,
        "Total Revenue": 103041000.0,
        "Operating Revenue": 103041000.0
    },
    "2022-10-31": {
        "Tax Effect Of Unusual Items": 94920.0,
        "Tax Rate For Calcs": 0.21,
        "Normalized EBITDA": -27891000.0,
        "Total Unusual Items": 452000.0,
        "Total Unusual Items Excluding Goodwill": 452000.0,
        "Net Income From Continuing Operation Net Minority Interest": -37034000.0,
        "Reconciled Depreciation": 4843000.0,
        "Reconciled Cost Of Revenue": 40280000.0,
        "EBITDA": -27439000.0,
        "EBIT": -32282000.0,
        "Net Interest Income": -3257000.0,
        "Interest Expense": 4444000.0,
        "Interest Income": 1187000.0,
        "Normalized Income": -37391080.0,
        "Net Income From Continuing And Discontinued Operation": -37034000.0,
        "Total Expenses": 134993000.0,
        "Total Operating Income As Reported": -33921000.0,
        "Diluted Average Shares": 132579000.0,
        "Basic Average Shares": 132579000.0,
        "Diluted EPS": -0.28,
        "Basic EPS": -0.28,
        "Diluted NI Availto Com Stockholders": -37034000.0,
        "Net Income Common Stockholders": -37034000.0,
        "Net Income": -37034000.0,
        "Net Income Including Noncontrolling Interests": -37034000.0,
        "Net Income Continuous Operations": -37034000.0,
        "Tax Provision": 308000.0,
        "Pretax Income": -36726000.0,
        "Other Income Expense": 452000.0,
        "Gain On Sale Of Security": 452000.0,
        "Net Non Operating Interest Income Expense": -3257000.0,
        "Interest Expense Non Operating": 4444000.0,
        "Interest Income Non Operating": 1187000.0,
        "Operating Income": -33921000.0,
        "Operating Expense": 94713000.0,
        "Research And Development": 28413000.0,
        "Selling General And Administration": 66300000.0,
        "Selling And Marketing Expense": 46973000.0,
        "General And Administrative Expense": 19327000.0,
        "Other Gand A": 19327000.0,
        "Gross Profit": 60792000.0,
        "Cost Of Revenue": 40280000.0,
        "Total Revenue": 101072000.0,
        "Operating Revenue": 101072000.0
    },
    "2022-07-31": {
        "Tax Effect Of Unusual Items": 1809600.0,
        "Tax Rate For Calcs": 0.4,
        "Normalized EBITDA": -24806000.0,
        "Total Unusual Items": 4524000.0,
        "Total Unusual Items Excluding Goodwill": 4524000.0,
        "Net Income From Continuing Operation Net Minority Interest": -29910000.0,
        "Reconciled Depreciation": 4680000.0,
        "Reconciled Cost Of Revenue": 38649000.0,
        "EBITDA": -20282000.0,
        "EBIT": -24962000.0,
        "Net Interest Income": -3715000.0,
        "Interest Expense": 4419000.0,
        "Interest Income": 704000.0,
        "Normalized Income": -32624400.0,
        "Net Income From Continuing And Discontinued Operation": -29910000.0,
        "Total Expenses": 128965000.0,
        "Total Operating Income As Reported": -30190000.0,
        "Diluted Average Shares": 130280000.0,
        "Basic Average Shares": 130280000.0,
        "Diluted EPS": -0.23,
        "Basic EPS": -0.23,
        "Diluted NI Availto Com Stockholders": -29910000.0,
        "Net Income Common Stockholders": -29910000.0,
        "Net Income": -29910000.0,
        "Net Income Including Noncontrolling Interests": -29910000.0,
        "Net Income Continuous Operations": -29910000.0,
        "Tax Provision": 529000.0,
        "Pretax Income": -29381000.0,
        "Other Income Expense": 4524000.0,
        "Gain On Sale Of Security": 4524000.0,
        "Net Non Operating Interest Income Expense": -3715000.0,
        "Interest Expense Non Operating": 4419000.0,
        "Interest Income Non Operating": 704000.0,
        "Operating Income": -30190000.0,
        "Operating Expense": 90316000.0,
        "Research And Development": 26354000.0,
        "Selling General And Administration": 63962000.0,
        "Selling And Marketing Expense": 45146000.0,
        "General And Administrative Expense": 18816000.0,
        "Other Gand A": 18816000.0,
        "Salaries And Wages": NaN,
        "Gross Profit": 60126000.0,
        "Cost Of Revenue": 38649000.0,
        "Total Revenue": 98775000.0,
        "Operating Revenue": 98775000.0
    },
    "2022-04-30": {
        "Diluted EPS": -0.18,
        "Total Revenue": 93,
        "Gross Profit": 57,
        "Operating Income": -24,
        "EBIT": -15,
        "Net Income": -23
    },
    "2022-01-31": {
        "Diluted EPS": -0.28,
        "Total Revenue": 91,
        "Gross Profit": 55,
        "Operating Income": -34,
        "EBIT": -26,
        "Net Income": -35
    },
    "2021-10-31": {
        "Diluted EPS": -0.18,
        "Total Revenue": 89,
        "Gross Profit": 54,
        "Operating Income": -22,
        "EBIT": -13,
        "Net Income": -23
    },
    "2021-07-31": {
        "Diluted EPS": -0.19,
        "Total Revenue": 86,
        "Gross Profit": 50,
        "Operating Income": -23,
        "EBIT": -15,
        "Net Income": -24
    },
    "2021-04-30": {
        "Diluted EPS": -0.15,
        "Total Revenue": 80,
        "Gross Profit": 48,
        "Operating Income": -17,
        "EBIT": -9,
        "Net Income": -18
    },
    "2021-01-31": {
        "Diluted EPS": -0.16,
        "Total Revenue": 79,
        "Gross Profit": 47,
        "Operating Income": -19,
        "EBIT": -11,
        "Net Income": -19
    },
    "2020-10-31": {
        "Diluted EPS": -0.14,
        "Total Revenue": 77,
        "Gross Profit": 44,
        "Operating Income": -16,
        "EBIT": -9,
        "Net Income": -17
    },
    "2020-07-31": {
        "Diluted EPS": -0.17,
        "Total Revenue": 75,
        "Gross Profit": 42,
        "Operating Income": -22,
        "EBIT": -15,
        "Net Income": -20
    },
    "2020-04-30": {
        "Diluted EPS": -0.15,
        "Total Revenue": 74,
        "Gross Profit": 42,
        "Operating Income": -18,
        "EBIT": -12,
        "Net Income": -17
    },
    "2020-01-31": {
        "Diluted EPS": -0.21,
        "Total Revenue": 70,
        "Gross Profit": 36,
        "Operating Income": -24,
        "EBIT": -19,
        "Net Income": -24
    },
    "2019-10-31": {
        "Diluted EPS": -0.16,
        "Total Revenue": 72,
        "Gross Profit": 38,
        "Operating Income": -19,
        "EBIT": -13,
        "Net Income": -18
    },
    "2019-07-31": {
        "Diluted EPS": -0.19,
        "Total Revenue": 70,
        "Gross Profit": 36,
        "Operating Income": -21,
        "EBIT": -16,
        "Net Income": -21
    },
    "2019-04-30": {
        "Diluted EPS": -0.19,
        "Total Revenue": 64,
        "Gross Profit": 32,
        "Operating Income": -21,
        "EBIT": -16,
        "Net Income": -21
    },
    "2019-01-31": {
        "Diluted EPS": -0.06,
        "Total Revenue": 63,
        "Gross Profit": 32,
        "Operating Income": -19,
        "EBIT": -15,
        "Net Income": -19
    },
    "2018-10-31": {
        "Diluted EPS": -0.16,
        "Total Revenue": 61,
        "Gross Profit": 31,
        "Operating Income": -18,
        "EBIT": -13,
        "Net Income": -17
    },
    "2018-07-31": {
        "Diluted EPS": -0.18,
        "Total Revenue": 58,
        "Gross Profit": 29,
        "Operating Income": -17,
        "EBIT": -13,
        "Net Income": -19
    },
    "2018-04-30": {
        "Diluted EPS": -0.4,
        "Total Revenue": 52,
        "Gross Profit": 26,
        "Operating Income": -17,
        "EBIT": -13,
        "Net Income": -18
    },
    "2018-01-31": {
        "Diluted EPS": -0.24,
        "Total Revenue": 53,
        "Gross Profit": 29,
        "Operating Income": -5,
        "EBIT": -4,
        "Net Income": -6
    },
    "2017-10-31": {
        "Diluted EPS": -0.35,
        "Total Revenue": 46,
        "Gross Profit": 24,
        "Operating Income": -10,
        "EBIT": -8,
        "Net Income": -10
    },
    "2017-07-31": {
        "Diluted EPS": -0.56,
        "Total Revenue": 39,
        "Gross Profit": 19,
        "Operating Income": -15,
        "EBIT": -13,
        "Net Income": -15
    },
    "2017-04-30": {
        "Diluted EPS": -0.33,
        "Total Revenue": 32,
        "Gross Profit": 20,
        "Operating Income": -8,
        "EBIT": -7,
        "Net Income": -8
    },
    "2017-01-31": {
        "Diluted EPS": 0.0,
        "Total Revenue": NaN,
        "Gross Profit": NaN,
        "Operating Income": NaN,
        "EBIT": NaN,
        "Net Income": NaN
    },
    "2016-01-31": {
        "Diluted EPS": 0.0,
        "Total Revenue": NaN,
        "Gross Profit": NaN,
        "Operating Income": NaN,
        "EBIT": NaN,
        "Net Income": NaN
    },
    "2023-07-31": {
        "Tax Effect Of Unusual Items": -1005060.0,
        "Tax Rate For Calcs": 0.21,
        "Normalized EBITDA": -7980000.0,
        "Total Unusual Items": -4786000.0,
        "Total Unusual Items Excluding Goodwill": -4786000.0,
        "Net Income From Continuing Operation Net Minority Interest": -22562000.0,
        "Reconciled Depreciation": 4602000.0,
        "Reconciled Cost Of Revenue": 37781000.0,
        "EBITDA": -12766000.0,
        "EBIT": -17368000.0,
        "Net Interest Income": 1050000.0,
        "Interest Expense": 4607000.0,
        "Interest Income": 5657000.0,
        "Normalized Income": -18781060.0,
        "Net Income From Continuing And Discontinued Operation": -22562000.0,
        "Total Expenses": 126287000.0,
        "Total Operating Income As Reported": -18239000.0,
        "Diluted Average Shares": 138605000.0,
        "Basic Average Shares": 138605000.0,
        "Diluted EPS": -0.16,
        "Basic EPS": -0.16,
        "Diluted NI Availto Com Stockholders": -22562000.0,
        "Net Income Common Stockholders": -22562000.0,
        "Net Income": -22562000.0,
        "Net Income Including Noncontrolling Interests": -22562000.0,
        "Net Income Continuous Operations": -22562000.0,
        "Tax Provision": 587000.0,
        "Pretax Income": -21975000.0,
        "Other Income Expense": -4786000.0,
        "Gain On Sale Of Security": -4786000.0,
        "Net Non Operating Interest Income Expense": 1050000.0,
        "Interest Expense Non Operating": 4607000.0,
        "Interest Income Non Operating": 5657000.0,
        "Operating Income": -18239000.0,
        "Operating Expense": 88506000.0,
        "Research And Development": 26256000.0,
        "Selling General And Administration": 62250000.0,
        "Selling And Marketing Expense": 42799000.0,
        "General And Administrative Expense": 19451000.0,
        "Other Gand A": 19451000.0,
        "Gross Profit": 70267000.0,
        "Cost Of Revenue": 37781000.0,
        "Total Revenue": 108048000.0,
        "Operating Revenue": 108048000.0
    },
    "2023-10-31": {
        "Tax Effect Of Unusual Items": 1469370.0,
        "Tax Rate For Calcs": 0.21,
        "Normalized EBITDA": -1757000.0,
        "Total Unusual Items": 6997000.0,
        "Total Unusual Items Excluding Goodwill": 6997000.0,
        "Net Income From Continuing Operation Net Minority Interest": -5502000.0,
        "Reconciled Depreciation": 4792000.0,
        "Reconciled Cost Of Revenue": 35028000.0,
        "EBITDA": 5240000.0,
        "EBIT": 448000.0,
        "Net Interest Income": -3338000.0,
        "Interest Expense": 5610000.0,
        "Interest Income": 2272000.0,
        "Normalized Income": -11029630.0,
        "Net Income From Continuing And Discontinued Operation": -5502000.0,
        "Total Expenses": 118670000.0,
        "Total Operating Income As Reported": -8821000.0,
        "Diluted Average Shares": 141488000.0,
        "Basic Average Shares": 141488000.0,
        "Diluted EPS": -0.04,
        "Basic EPS": -0.04,
        "Diluted NI Availto Com Stockholders": -5502000.0,
        "Net Income Common Stockholders": -5502000.0,
        "Net Income": -5502000.0,
        "Net Income Including Noncontrolling Interests": -5502000.0,
        "Net Income Continuous Operations": -5502000.0,
        "Tax Provision": 340000.0,
        "Pretax Income": -5162000.0,
        "Other Income Expense": 6997000.0,
        "Gain On Sale Of Security": 6997000.0,
        "Net Non Operating Interest Income Expense": -3338000.0,
        "Interest Expense Non Operating": 5610000.0,
        "Interest Income Non Operating": 2272000.0,
        "Operating Income": -8821000.0,
        "Operating Expense": 83642000.0,
        "Research And Development": 27504000.0,
        "Selling General And Administration": 56138000.0,
        "Selling And Marketing Expense": 40245000.0,
        "General And Administrative Expense": 15893000.0,
        "Other Gand A": 15893000.0,
        "Gross Profit": 74821000.0,
        "Cost Of Revenue": 35028000.0,
        "Total Revenue": 109849000.0,
        "Operating Revenue": 109849000.0
    },
    "2024-01-31": {
        "Tax Effect Of Unusual Items": -1790000.0,
        "Tax Rate For Calcs": 0.4,
        "Normalized EBITDA": -4198000.0,
        "Total Unusual Items": -4475000.0,
        "Total Unusual Items Excluding Goodwill": -4475000.0,
        "Net Income From Continuing Operation Net Minority Interest": -20834000.0,
        "Reconciled Depreciation": 4530000.0,
        "Reconciled Cost Of Revenue": 36819000.0,
        "EBITDA": -8673000.0,
        "EBIT": -13203000.0,
        "Net Interest Income": 1564000.0,
        "Interest Expense": 6876000.0,
        "Interest Income": 8440000.0,
        "Normalized Income": -18149000.0,
        "Net Income From Continuing And Discontinued Operation": -20834000.0,
        "Total Expenses": 127837000.0,
        "Total Operating Income As Reported": -17168000.0,
        "Diluted Average Shares": 144175000.0,
        "Basic Average Shares": 144175000.0,
        "Diluted EPS": -0.14,
        "Basic EPS": -0.14,
        "Diluted NI Availto Com Stockholders": -20834000.0,
        "Net Income Common Stockholders": -20834000.0,
        "Net Income": -20834000.0,
        "Net Income Including Noncontrolling Interests": -20834000.0,
        "Net Income Continuous Operations": -20834000.0,
        "Tax Provision": 755000.0,
        "Pretax Income": -20079000.0,
        "Other Income Expense": -4475000.0,
        "Gain On Sale Of Security": -4475000.0,
        "Net Non Operating Interest Income Expense": 1564000.0,
        "Interest Expense Non Operating": 6876000.0,
        "Interest Income Non Operating": 8440000.0,
        "Operating Income": -17168000.0,
        "Operating Expense": 91018000.0,
        "Research And Development": 28860000.0,
        "Selling General And Administration": 62158000.0,
        "Selling And Marketing Expense": 41727000.0,
        "General And Administrative Expense": 20431000.0,
        "Other Gand A": 20431000.0,
        "Gross Profit": 73850000.0,
        "Cost Of Revenue": 36819000.0,
        "Total Revenue": 110669000.0,
        "Operating Revenue": 110669000.0
    }
}