{
    "2023-03-31": {
        "Tax Effect Of Unusual Items": 0.0,
        "Tax Rate For Calcs": 0.4,
        "Normalized EBITDA": -2832000.0,
        "Net Income From Continuing Operation Net Minority Interest": -2091000.0,
        "Reconciled Depreciation": 419000.0,
        "Reconciled Cost Of Revenue": 23195000.0,
        "EBIT": -3251000.0,
        "Normalized Income": -2091000.0,
        "Net Income From Continuing And Discontinued Operation": -2091000.0,
        "Total Expenses": 46551000.0,
        "Total Operating Income As Reported": -3251000.0,
        "Diluted Average Shares": 72250338.0,
        "Basic Average Shares": 49372874.0,
        "Diluted EPS": -0.04,
        "Basic EPS": -0.03,
        "Diluted NI Availto Com Stockholders": -2091000.0,
        "Net Income Common Stockholders": -2091000.0,
        "Otherunder Preferred Stock Dividend": NaN,
        "Net Income": -2091000.0,
        "Minority Interests": 821000.0,
        "Net Income Including Noncontrolling Interests": -2912000.0,
        "Net Income Continuous Operations": -2912000.0,
        "Tax Provision": 1000.0,
        "Pretax Income": -2911000.0,
        "Other Income Expense": 340000.0,
        "Other Non Operating Income Expenses": 340000.0,
        "Operating Income": -3251000.0,
        "Operating Expense": 23356000.0,
        "Depreciation Amortization Depletion Income Statement": 419000.0,
        "Depreciation And Amortization In Income Statement": 419000.0,
        "Selling General And Administration": 22937000.0,
        "Selling And Marketing Expense": 11912000.0,
        "General And Administrative Expense": 11025000.0,
        "Other Gand A": 8645000.0,
        "Salaries And Wages": 2380000.0,
        "Gross Profit": 20105000.0,
        "Cost Of Revenue": 23195000.0,
        "Total Revenue": 43300000.0,
        "Operating Revenue": 43300000.0
    },
    "2022-12-31": {
        "Tax Effect Of Unusual Items": 0.0,
        "Tax Rate For Calcs": 0.4,
        "Normalized EBITDA": -6007000.0,
        "Net Income From Continuing Operation Net Minority Interest": -4385000.0,
        "Reconciled Depreciation": 342000.0,
        "Reconciled Cost Of Revenue": 19713000.0,
        "EBIT": -6349000.0,
        "Normalized Income": -4385000.0,
        "Net Income From Continuing And Discontinued Operation": -4385000.0,
        "Total Expenses": 41715000.0,
        "Total Operating Income As Reported": -6349000.0,
        "Diluted Average Shares": 45731318.0,
        "Basic Average Shares": 45731318.0,
        "Diluted EPS": -0.1,
        "Basic EPS": -0.1,
        "Diluted NI Availto Com Stockholders": -4385000.0,
        "Net Income Common Stockholders": -4385000.0,
        "Otherunder Preferred Stock Dividend": 0.0,
        "Net Income": -4385000.0,
        "Minority Interests": 1785000.0,
        "Net Income Including Noncontrolling Interests": -6170000.0,
        "Net Income Continuous Operations": -6170000.0,
        "Tax Provision": 43000.0,
        "Pretax Income": -6127000.0,
        "Other Income Expense": 222000.0,
        "Other Non Operating Income Expenses": 222000.0,
        "Operating Income": -6349000.0,
        "Operating Expense": 22002000.0,
        "Depreciation Amortization Depletion Income Statement": 342000.0,
        "Depreciation And Amortization In Income Statement": 342000.0,
        "Selling General And Administration": 21660000.0,
        "Selling And Marketing Expense": 10025000.0,
        "General And Administrative Expense": 11635000.0,
        "Other Gand A": 8536000.0,
        "Salaries And Wages": 3099000.0,
        "Gross Profit": 15653000.0,
        "Cost Of Revenue": 19713000.0,
        "Total Revenue": 35366000.0,
        "Operating Revenue": 35366000.0
    },
    "2022-09-30": {
        "Tax Effect Of Unusual Items": 0.0,
        "Tax Rate For Calcs": 0.4,
        "Normalized EBITDA": -8895000.0,
        "Net Income From Continuing Operation Net Minority Interest": -7484000.0,
        "Reconciled Depreciation": 326000.0,
        "Reconciled Cost Of Revenue": 25071000.0,
        "EBIT": -9221000.0,
        "Normalized Income": -7484000.0,
        "Net Income From Continuing And Discontinued Operation": -7484000.0,
        "Total Expenses": 53460000.0,
        "Total Operating Income As Reported": -9221000.0,
        "Diluted Average Shares": 44072985.0,
        "Basic Average Shares": 44072985.0,
        "Diluted EPS": -0.17,
        "Basic EPS": -0.17,
        "Diluted NI Availto Com Stockholders": -7484000.0,
        "Net Income Common Stockholders": -7484000.0,
        "Otherunder Preferred Stock Dividend": 0.0,
        "Net Income": -7484000.0,
        "Minority Interests": 1712000.0,
        "Net Income Including Noncontrolling Interests": -9196000.0,
        "Net Income Continuous Operations": -9196000.0,
        "Tax Provision": 1000.0,
        "Pretax Income": -9195000.0,
        "Other Income Expense": 26000.0,
        "Other Non Operating Income Expenses": 26000.0,
        "Operating Income": -9221000.0,
        "Operating Expense": 28389000.0,
        "Depreciation Amortization Depletion Income Statement": 326000.0,
        "Depreciation And Amortization In Income Statement": 326000.0,
        "Selling General And Administration": 28063000.0,
        "Selling And Marketing Expense": 12916000.0,
        "General And Administrative Expense": 15147000.0,
        "Other Gand A": 8310000.0,
        "Salaries And Wages": 6837000.0,
        "Gross Profit": 19168000.0,
        "Cost Of Revenue": 25071000.0,
        "Total Revenue": 44239000.0,
        "Operating Revenue": 44239000.0
    },
    "2022-06-30": {
        "Tax Effect Of Unusual Items": 0.0,
        "Tax Rate For Calcs": 0.4,
        "Normalized EBITDA": -14415000.0,
        "Net Income From Continuing Operation Net Minority Interest": -11090000.0,
        "Reconciled Depreciation": 328000.0,
        "Reconciled Cost Of Revenue": 28168000.0,
        "EBIT": -14743000.0,
        "Normalized Income": -11090000.0,
        "Net Income From Continuing And Discontinued Operation": -11090000.0,
        "Total Expenses": 60285000.0,
        "Total Operating Income As Reported": -14743000.0,
        "Diluted Average Shares": 42051987.0,
        "Basic Average Shares": 42051987.0,
        "Diluted EPS": -0.27,
        "Basic EPS": -0.27,
        "Diluted NI Availto Com Stockholders": -11090000.0,
        "Net Income Common Stockholders": -11090000.0,
        "Otherunder Preferred Stock Dividend": 0.0,
        "Net Income": -11090000.0,
        "Minority Interests": 3706000.0,
        "Net Income Including Noncontrolling Interests": -14796000.0,
        "Net Income Continuous Operations": -14796000.0,
        "Tax Provision": 9000.0,
        "Pretax Income": -14787000.0,
        "Other Income Expense": -44000.0,
        "Other Non Operating Income Expenses": -44000.0,
        "Operating Income": -14743000.0,
        "Operating Expense": 32117000.0,
        "Depreciation Amortization Depletion Income Statement": 328000.0,
        "Depreciation And Amortization In Income Statement": 328000.0,
        "Selling General And Administration": 31789000.0,
        "Selling And Marketing Expense": 13928000.0,
        "General And Administrative Expense": 17861000.0,
        "Other Gand A": 9818000.0,
        "Salaries And Wages": 8043000.0,
        "Gross Profit": 17374000.0,
        "Cost Of Revenue": 28168000.0,
        "Total Revenue": 45542000.0,
        "Operating Revenue": 45542000.0
    },
    "2022-03-31": {
        "Diluted EPS": -0.28,
        "Total Revenue": 38,
        "Gross Profit": 16,
        "Operating Income": -18,
        "EBIT": -17,
        "Net Income": -11
    },
    "2021-12-31": {
        "Diluted EPS": -0.58,
        "Total Revenue": 34,
        "Gross Profit": 16,
        "Operating Income": -37,
        "EBIT": -37,
        "Net Income": -20
    },
    "2021-09-30": {
        "Diluted EPS": -0.75,
        "Total Revenue": 39,
        "Gross Profit": 18,
        "Operating Income": -49,
        "EBIT": -49,
        "Net Income": -26
    },
    "2021-06-30": {
        "Diluted EPS": 0.0,
        "Total Revenue": 34,
        "Gross Profit": 16,
        "Operating Income": -1,
        "EBIT": 0,
        "Net Income": NaN
    },
    "2021-03-31": {
        "Diluted EPS": 0.0,
        "Total Revenue": 31,
        "Gross Profit": 14,
        "Operating Income": 0,
        "EBIT": 0,
        "Net Income": NaN
    },
    "2020-12-31": {
        "Diluted EPS": 0.0,
        "Total Revenue": NaN,
        "Gross Profit": NaN,
        "Operating Income": NaN,
        "EBIT": NaN,
        "Net Income": NaN
    },
    "2020-09-30": {
        "Diluted EPS": 0.0,
        "Total Revenue": 32,
        "Gross Profit": 15,
        "Operating Income": 3,
        "EBIT": 3,
        "Net Income": 2
    },
    "2020-06-30": {
        "Diluted EPS": 0.1,
        "Total Revenue": 28,
        "Gross Profit": 14,
        "Operating Income": 3,
        "EBIT": 3,
        "Net Income": 0
    },
    "2023-06-30": {
        "Tax Effect Of Unusual Items": 0.0,
        "Tax Rate For Calcs": 0.4,
        "Normalized EBITDA": -4973000.0,
        "Net Income From Continuing Operation Net Minority Interest": -3931000.0,
        "Reconciled Depreciation": 404000.0,
        "Reconciled Cost Of Revenue": 22549000.0,
        "EBIT": -5377000.0,
        "Normalized Income": -3931000.0,
        "Net Income From Continuing And Discontinued Operation": -3931000.0,
        "Total Expenses": 47618000.0,
        "Total Operating Income As Reported": -5377000.0,
        "Diluted Average Shares": 50094096.0,
        "Basic Average Shares": 50094096.0,
        "Diluted EPS": -0.08,
        "Basic EPS": -0.08,
        "Diluted NI Availto Com Stockholders": -3931000.0,
        "Net Income Common Stockholders": -3931000.0,
        "Otherunder Preferred Stock Dividend": NaN,
        "Net Income": -3931000.0,
        "Minority Interests": 1078000.0,
        "Net Income Including Noncontrolling Interests": -5009000.0,
        "Net Income Continuous Operations": -5009000.0,
        "Tax Provision": 35000.0,
        "Pretax Income": -4974000.0,
        "Other Income Expense": 403000.0,
        "Other Non Operating Income Expenses": 403000.0,
        "Operating Income": -5377000.0,
        "Operating Expense": 25069000.0,
        "Depreciation Amortization Depletion Income Statement": 404000.0,
        "Depreciation And Amortization In Income Statement": 404000.0,
        "Selling General And Administration": 24665000.0,
        "Selling And Marketing Expense": 16100000.0,
        "General And Administrative Expense": 8565000.0,
        "Other Gand A": 6207000.0,
        "Salaries And Wages": 2358000.0,
        "Gross Profit": 19692000.0,
        "Cost Of Revenue": 22549000.0,
        "Total Revenue": 42241000.0,
        "Operating Revenue": 42241000.0
    }
}