{
    "2023-06-30": {
        "Tax Effect Of Unusual Items": -2230800.0,
        "Tax Rate For Calcs": 0.286,
        "Normalized EBITDA": 86000000.0,
        "Total Unusual Items": -7800000.0,
        "Total Unusual Items Excluding Goodwill": -7800000.0,
        "Net Income From Continuing Operation Net Minority Interest": 32900000.0,
        "Reconciled Depreciation": 21800000.0,
        "Reconciled Cost Of Revenue": 222500000.0,
        "EBITDA": 78200000.0,
        "EBIT": 56400000.0,
        "Net Interest Income": -10300000.0,
        "Interest Expense": 10300000.0,
        "Normalized Income": 38469200.0,
        "Net Income From Continuing And Discontinued Operation": 34600000.0,
        "Total Expenses": 340600000.0,
        "Total Operating Income As Reported": 54800000.0,
        "Diluted Average Shares": 176481000.0,
        "Basic Average Shares": 174260000.0,
        "Diluted EPS": 0.2,
        "Basic EPS": 0.2,
        "Diluted NI Availto Com Stockholders": 34600000.0,
        "Net Income Common Stockholders": 34600000.0,
        "Net Income": 34600000.0,
        "Net Income Including Noncontrolling Interests": 34600000.0,
        "Net Income Discontinuous Operations": 1700000.0,
        "Net Income Continuous Operations": 32900000.0,
        "Tax Provision": 13200000.0,
        "Pretax Income": 46100000.0,
        "Other Income Expense": -6200000.0,
        "Other Non Operating Income Expenses": 1600000.0,
        "Special Income Charges": -7800000.0,
        "Restructuring And Mergern Acquisition": 7800000.0,
        "Net Non Operating Interest Income Expense": -10300000.0,
        "Interest Expense Non Operating": 10300000.0,
        "Operating Income": 62600000.0,
        "Operating Expense": 110900000.0,
        "Depreciation Amortization Depletion Income Statement": 14600000.0,
        "Depreciation And Amortization In Income Statement": 14600000.0,
        "Amortization": 14600000.0,
        "Amortization Of Intangibles Income Statement": 14600000.0,
        "Selling General And Administration": 96300000.0,
        "Gross Profit": 173500000.0,
        "Cost Of Revenue": 229700000.0,
        "Total Revenue": 403200000.0,
        "Operating Revenue": 403200000.0
    },
    "2023-03-31": {
        "Tax Effect Of Unusual Items": -545300.0,
        "Tax Rate For Calcs": 0.287,
        "Normalized EBITDA": 66000000.0,
        "Total Unusual Items": -1900000.0,
        "Total Unusual Items Excluding Goodwill": -1900000.0,
        "Net Income From Continuing Operation Net Minority Interest": 22600000.0,
        "Reconciled Depreciation": 22800000.0,
        "Reconciled Cost Of Revenue": 215200000.0,
        "EBITDA": 64100000.0,
        "EBIT": 41300000.0,
        "Net Interest Income": -9600000.0,
        "Interest Expense": 9600000.0,
        "Normalized Income": 23954700.0,
        "Net Income From Continuing And Discontinued Operation": 22800000.0,
        "Total Expenses": 326500000.0,
        "Total Operating Income As Reported": 43700000.0,
        "Diluted Average Shares": 178385000.0,
        "Basic Average Shares": 176416000.0,
        "Diluted EPS": 0.13,
        "Basic EPS": 0.13,
        "Diluted NI Availto Com Stockholders": 22800000.0,
        "Net Income Common Stockholders": 22800000.0,
        "Net Income": 22800000.0,
        "Net Income Including Noncontrolling Interests": 22800000.0,
        "Net Income Discontinuous Operations": 200000.0,
        "Net Income Continuous Operations": 22600000.0,
        "Tax Provision": 9100000.0,
        "Pretax Income": 31700000.0,
        "Other Income Expense": -4300000.0,
        "Other Non Operating Income Expenses": -2400000.0,
        "Special Income Charges": -1900000.0,
        "Restructuring And Mergern Acquisition": 1900000.0,
        "Net Non Operating Interest Income Expense": -9600000.0,
        "Interest Expense Non Operating": 9600000.0,
        "Operating Income": 45600000.0,
        "Operating Expense": 103200000.0,
        "Depreciation Amortization Depletion Income Statement": 14700000.0,
        "Depreciation And Amortization In Income Statement": 14700000.0,
        "Amortization": 14700000.0,
        "Amortization Of Intangibles Income Statement": 14700000.0,
        "Selling General And Administration": 88500000.0,
        "Gross Profit": 148800000.0,
        "Cost Of Revenue": 223300000.0,
        "Total Revenue": 372100000.0,
        "Operating Revenue": 372100000.0
    },
    "2022-12-31": {
        "Tax Effect Of Unusual Items": -631690.140845,
        "Tax Rate For Calcs": 0.274648,
        "Normalized EBITDA": 49000000.0,
        "Total Unusual Items": -2300000.0,
        "Total Unusual Items Excluding Goodwill": -2300000.0,
        "Net Income From Continuing Operation Net Minority Interest": 10300000.0,
        "Reconciled Depreciation": 23600000.0,
        "Reconciled Cost Of Revenue": 222200000.0,
        "EBITDA": 46700000.0,
        "EBIT": 23100000.0,
        "Net Interest Income": -8900000.0,
        "Interest Expense": 8900000.0,
        "Normalized Income": 11968309.859155,
        "Net Income From Continuing And Discontinued Operation": 14200000.0,
        "Total Expenses": 318200000.0,
        "Total Operating Income As Reported": 19800000.0,
        "Diluted Average Shares": 180006000.0,
        "Basic Average Shares": 177938000.0,
        "Diluted EPS": 0.08,
        "Basic EPS": 0.08,
        "Diluted NI Availto Com Stockholders": 14200000.0,
        "Net Income Common Stockholders": 14200000.0,
        "Net Income": 14200000.0,
        "Net Income Including Noncontrolling Interests": 14200000.0,
        "Net Income Discontinuous Operations": 3900000.0,
        "Net Income Continuous Operations": 10300000.0,
        "Tax Provision": 3900000.0,
        "Pretax Income": 14200000.0,
        "Other Income Expense": 1000000.0,
        "Other Non Operating Income Expenses": 3300000.0,
        "Special Income Charges": -2300000.0,
        "Restructuring And Mergern Acquisition": 2300000.0,
        "Net Non Operating Interest Income Expense": -8900000.0,
        "Interest Expense Non Operating": 8900000.0,
        "Operating Income": 22100000.0,
        "Operating Expense": 87300000.0,
        "Depreciation Amortization Depletion Income Statement": 14900000.0,
        "Depreciation And Amortization In Income Statement": 14900000.0,
        "Amortization": 14900000.0,
        "Amortization Of Intangibles Income Statement": 14900000.0,
        "Selling General And Administration": 72400000.0,
        "Gross Profit": 109400000.0,
        "Cost Of Revenue": 230900000.0,
        "Total Revenue": 340300000.0,
        "Operating Revenue": 340300000.0
    },
    "2022-09-30": {
        "Tax Effect Of Unusual Items": -4680000.0,
        "Tax Rate For Calcs": 0.4,
        "Normalized EBITDA": 23800000.0,
        "Total Unusual Items": -11700000.0,
        "Total Unusual Items Excluding Goodwill": -11700000.0,
        "Net Income From Continuing Operation Net Minority Interest": -19100000.0,
        "Reconciled Depreciation": 21600000.0,
        "Reconciled Cost Of Revenue": 270200000.0,
        "EBITDA": 12100000.0,
        "EBIT": -9500000.0,
        "Net Interest Income": -8000000.0,
        "Interest Expense": 8000000.0,
        "Normalized Income": -12080000.0,
        "Net Income From Continuing And Discontinued Operation": -19100000.0,
        "Total Expenses": 416100000.0,
        "Total Operating Income As Reported": -10100000.0,
        "Diluted Average Shares": 174867000.0,
        "Basic Average Shares": 174867000.0,
        "Diluted EPS": -0.11,
        "Basic EPS": -0.11,
        "Diluted NI Availto Com Stockholders": -19100000.0,
        "Net Income Common Stockholders": -19100000.0,
        "Net Income": -19100000.0,
        "Net Income Including Noncontrolling Interests": -19100000.0,
        "Net Income Discontinuous Operations": 0.0,
        "Net Income Continuous Operations": -19100000.0,
        "Tax Provision": 1600000.0,
        "Pretax Income": -17500000.0,
        "Other Income Expense": -11100000.0,
        "Other Non Operating Income Expenses": 600000.0,
        "Special Income Charges": -11700000.0,
        "Restructuring And Mergern Acquisition": 11700000.0,
        "Net Non Operating Interest Income Expense": -8000000.0,
        "Interest Expense Non Operating": 8000000.0,
        "Operating Income": 1600000.0,
        "Operating Expense": 138800000.0,
        "Depreciation Amortization Depletion Income Statement": 14500000.0,
        "Depreciation And Amortization In Income Statement": 14500000.0,
        "Amortization": 14500000.0,
        "Amortization Of Intangibles Income Statement": 14500000.0,
        "Selling General And Administration": 124300000.0,
        "Gross Profit": 140400000.0,
        "Cost Of Revenue": 277300000.0,
        "Total Revenue": 417700000.0,
        "Operating Revenue": 417700000.0
    },
    "2022-06-30": {
        "Tax Effect Of Unusual Items": -71100.0,
        "Tax Rate For Calcs": 0.237,
        "Normalized EBITDA": 57200000.0,
        "Total Unusual Items": -300000.0,
        "Total Unusual Items Excluding Goodwill": -300000.0,
        "Net Income From Continuing Operation Net Minority Interest": 36400000.0,
        "Reconciled Depreciation": 4000000.0,
        "Reconciled Cost Of Revenue": 168000000.0,
        "EBITDA": 56900000.0,
        "EBIT": 52900000.0,
        "Net Interest Income": -5200000.0,
        "Interest Expense": 5200000.0,
        "Normalized Income": 36628900.0,
        "Net Income From Continuing And Discontinued Operation": 36400000.0,
        "Total Expenses": 230400000.0,
        "Total Operating Income As Reported": 53500000.0,
        "Diluted Average Shares": 128391000.0,
        "Basic Average Shares": 126419000.0,
        "Diluted EPS": 0.28,
        "Basic EPS": 0.28,
        "Diluted NI Availto Com Stockholders": 36400000.0,
        "Net Income Common Stockholders": 36400000.0,
        "Net Income": 36400000.0,
        "Net Income Including Noncontrolling Interests": 36400000.0,
        "Net Income Discontinuous Operations": 0.0,
        "Net Income Continuous Operations": 36400000.0,
        "Tax Provision": 11300000.0,
        "Pretax Income": 47700000.0,
        "Other Income Expense": -900000.0,
        "Other Non Operating Income Expenses": -600000.0,
        "Special Income Charges": -300000.0,
        "Restructuring And Mergern Acquisition": 300000.0,
        "Net Non Operating Interest Income Expense": -5200000.0,
        "Interest Expense Non Operating": 5200000.0,
        "Operating Income": 53800000.0,
        "Operating Expense": 60000000.0,
        "Depreciation Amortization Depletion Income Statement": 1600000.0,
        "Depreciation And Amortization In Income Statement": 1600000.0,
        "Amortization": 1600000.0,
        "Amortization Of Intangibles Income Statement": 1600000.0,
        "Selling General And Administration": 58400000.0,
        "Gross Profit": 113800000.0,
        "Cost Of Revenue": 170400000.0,
        "Total Revenue": 284200000.0,
        "Operating Revenue": 284200000.0
    },
    "2022-03-31": {
        "Diluted EPS": 0.24,
        "Total Revenue": 240,
        "Gross Profit": 102,
        "Operating Income": 44,
        "EBIT": 49,
        "Net Income": 30
    },
    "2021-12-31": {
        "Diluted EPS": -0.53,
        "Total Revenue": 232,
        "Gross Profit": 85,
        "Operating Income": 13,
        "EBIT": 21,
        "Net Income": -66
    },
    "2021-09-30": {
        "Diluted EPS": 0.51,
        "Total Revenue": 230,
        "Gross Profit": 96,
        "Operating Income": 33,
        "EBIT": 55,
        "Net Income": 64
    },
    "2021-06-30": {
        "Diluted EPS": 0.59,
        "Total Revenue": 244,
        "Gross Profit": 104,
        "Operating Income": 37,
        "EBIT": 60,
        "Net Income": 73
    },
    "2021-03-31": {
        "Diluted EPS": 0.4,
        "Total Revenue": 205,
        "Gross Profit": 88,
        "Operating Income": 24,
        "EBIT": 48,
        "Net Income": 50
    },
    "2020-12-31": {
        "Diluted EPS": 0.0,
        "Total Revenue": NaN,
        "Gross Profit": NaN,
        "Operating Income": NaN,
        "EBIT": NaN,
        "Net Income": NaN
    },
    "2020-09-30": {
        "Diluted EPS": 0.37,
        "Total Revenue": 494,
        "Gross Profit": 193,
        "Operating Income": 72,
        "EBIT": 95,
        "Net Income": 45
    },
    "2020-06-30": {
        "Diluted EPS": 0.29,
        "Total Revenue": 449,
        "Gross Profit": 177,
        "Operating Income": 66,
        "EBIT": 88,
        "Net Income": 36
    },
    "2020-03-31": {
        "Diluted EPS": 0.23,
        "Total Revenue": 547,
        "Gross Profit": 217,
        "Operating Income": 88,
        "EBIT": 110,
        "Net Income": 29
    },
    "2019-12-31": {
        "Diluted EPS": 0.39,
        "Total Revenue": 492,
        "Gross Profit": 192,
        "Operating Income": 492,
        "EBIT": 513,
        "Net Income": 46
    },
    "2019-09-30": {
        "Diluted EPS": 0.46,
        "Total Revenue": 521,
        "Gross Profit": 208,
        "Operating Income": 89,
        "EBIT": 110,
        "Net Income": 51
    },
    "2019-06-30": {
        "Diluted EPS": 0.38,
        "Total Revenue": 508,
        "Gross Profit": 202,
        "Operating Income": 80,
        "EBIT": 80,
        "Net Income": 41
    },
    "2019-03-31": {
        "Diluted EPS": 0.0,
        "Total Revenue": NaN,
        "Gross Profit": NaN,
        "Operating Income": NaN,
        "EBIT": NaN,
        "Net Income": NaN
    },
    "2018-12-31": {
        "Diluted EPS": 0.21,
        "Total Revenue": 485,
        "Gross Profit": 184,
        "Operating Income": 485,
        "EBIT": 507,
        "Net Income": 20
    },
    "2018-09-30": {
        "Diluted EPS": -0.3,
        "Total Revenue": 525,
        "Gross Profit": 203,
        "Operating Income": 81,
        "EBIT": 105,
        "Net Income": -43
    },
    "2018-06-30": {
        "Diluted EPS": -0.06,
        "Total Revenue": 504,
        "Gross Profit": 196,
        "Operating Income": 72,
        "EBIT": 72,
        "Net Income": -7
    },
    "2018-03-31": {
        "Diluted EPS": 0.0,
        "Total Revenue": NaN,
        "Gross Profit": NaN,
        "Operating Income": NaN,
        "EBIT": NaN,
        "Net Income": NaN
    },
    "2017-12-31": {
        "Diluted EPS": 0.73,
        "Total Revenue": 437,
        "Gross Profit": 170,
        "Operating Income": 437,
        "EBIT": 459,
        "Net Income": 76
    },
    "2017-09-30": {
        "Diluted EPS": 0.23,
        "Total Revenue": 454,
        "Gross Profit": 174,
        "Operating Income": 68,
        "EBIT": 90,
        "Net Income": 24
    },
    "2017-06-30": {
        "Diluted EPS": 0.2,
        "Total Revenue": 443,
        "Gross Profit": 164,
        "Operating Income": 57,
        "EBIT": 57,
        "Net Income": 21
    },
    "2017-03-31": {
        "Diluted EPS": 0.0,
        "Total Revenue": NaN,
        "Gross Profit": NaN,
        "Operating Income": NaN,
        "EBIT": NaN,
        "Net Income": NaN
    },
    "2016-12-31": {
        "Diluted EPS": 0.02,
        "Total Revenue": 452,
        "Gross Profit": 153,
        "Operating Income": 452,
        "EBIT": 478,
        "Net Income": 2
    },
    "2016-09-30": {
        "Diluted EPS": 0.24,
        "Total Revenue": 491,
        "Gross Profit": 174,
        "Operating Income": 53,
        "EBIT": 77,
        "Net Income": 25
    },
    "2016-06-30": {
        "Diluted EPS": 0.18,
        "Total Revenue": 472,
        "Gross Profit": 165,
        "Operating Income": 39,
        "EBIT": 39,
        "Net Income": 19
    },
    "2016-03-31": {
        "Diluted EPS": 0.0,
        "Total Revenue": NaN,
        "Gross Profit": NaN,
        "Operating Income": NaN,
        "EBIT": NaN,
        "Net Income": NaN
    },
    "2015-12-31": {
        "Diluted EPS": 0.24,
        "Total Revenue": 460,
        "Gross Profit": 158,
        "Operating Income": 460,
        "EBIT": 490,
        "Net Income": 24
    },
    "2015-09-30": {
        "Diluted EPS": 0.22,
        "Total Revenue": 486,
        "Gross Profit": 169,
        "Operating Income": 56,
        "EBIT": 84,
        "Net Income": 23
    },
    "2015-06-30": {
        "Diluted EPS": 0.2,
        "Total Revenue": 485,
        "Gross Profit": 170,
        "Operating Income": 53,
        "EBIT": 53,
        "Net Income": 21
    },
    "2015-03-31": {
        "Diluted EPS": 0.0,
        "Total Revenue": NaN,
        "Gross Profit": NaN,
        "Operating Income": NaN,
        "EBIT": NaN,
        "Net Income": NaN
    },
    "2014-12-31": {
        "Diluted EPS": 0.02,
        "Total Revenue": 497,
        "Gross Profit": 182,
        "Operating Income": 497,
        "EBIT": 525,
        "Net Income": 2
    },
    "2014-09-30": {
        "Diluted EPS": 0.36,
        "Total Revenue": 531,
        "Gross Profit": 197,
        "Operating Income": 79,
        "EBIT": 107,
        "Net Income": 37
    },
    "2014-06-30": {
        "Diluted EPS": 0.12,
        "Total Revenue": 504,
        "Gross Profit": 178,
        "Operating Income": 57,
        "EBIT": 57,
        "Net Income": 12
    },
    "2014-03-31": {
        "Diluted EPS": 0.0,
        "Total Revenue": NaN,
        "Gross Profit": NaN,
        "Operating Income": NaN,
        "EBIT": NaN,
        "Net Income": NaN
    },
    "2013-12-31": {
        "Diluted EPS": 0.28,
        "Total Revenue": 489,
        "Gross Profit": 181,
        "Operating Income": 489,
        "EBIT": 516,
        "Net Income": 29
    },
    "2013-09-30": {
        "Diluted EPS": -0.54,
        "Total Revenue": 515,
        "Gross Profit": 192,
        "Operating Income": 73,
        "EBIT": 100,
        "Net Income": -52
    },
    "2013-06-30": {
        "Diluted EPS": 0.14,
        "Total Revenue": 509,
        "Gross Profit": 182,
        "Operating Income": 61,
        "EBIT": 61,
        "Net Income": 14
    },
    "2013-03-31": {
        "Diluted EPS": 0.0,
        "Total Revenue": NaN,
        "Gross Profit": NaN,
        "Operating Income": NaN,
        "EBIT": NaN,
        "Net Income": NaN
    },
    "2012-12-31": {
        "Diluted EPS": 0.09,
        "Total Revenue": 472,
        "Gross Profit": 168,
        "Operating Income": 472,
        "EBIT": 500,
        "Net Income": 9
    },
    "2012-09-30": {
        "Diluted EPS": 0.19,
        "Total Revenue": 500,
        "Gross Profit": 187,
        "Operating Income": 66,
        "EBIT": 96,
        "Net Income": 19
    },
    "2012-06-30": {
        "Diluted EPS": -0.02,
        "Total Revenue": 494,
        "Gross Profit": 179,
        "Operating Income": 55,
        "EBIT": 55,
        "Net Income": -2
    },
    "2012-03-31": {
        "Diluted EPS": 0.0,
        "Total Revenue": NaN,
        "Gross Profit": NaN,
        "Operating Income": NaN,
        "EBIT": NaN,
        "Net Income": NaN
    },
    "2011-12-31": {
        "Diluted EPS": 0.08,
        "Total Revenue": 486,
        "Gross Profit": 165,
        "Operating Income": 486,
        "EBIT": 518,
        "Net Income": 6
    },
    "2011-09-30": {
        "Diluted EPS": 0.06,
        "Total Revenue": 449,
        "Gross Profit": 159,
        "Operating Income": 61,
        "EBIT": 89,
        "Net Income": 5
    },
    "2011-06-30": {
        "Diluted EPS": 0.16,
        "Total Revenue": 476,
        "Gross Profit": 167,
        "Operating Income": 63,
        "EBIT": 63,
        "Net Income": 11
    },
    "2011-03-31": {
        "Diluted EPS": 0.0,
        "Total Revenue": NaN,
        "Gross Profit": NaN,
        "Operating Income": NaN,
        "EBIT": NaN,
        "Net Income": NaN
    },
    "2010-12-31": {
        "Diluted EPS": 0.06,
        "Total Revenue": 420,
        "Gross Profit": 145,
        "Operating Income": 420,
        "EBIT": 449,
        "Net Income": 1
    },
    "2010-09-30": {
        "Diluted EPS": 1.3,
        "Total Revenue": 412,
        "Gross Profit": 146,
        "Operating Income": 55,
        "EBIT": 83,
        "Net Income": 22
    },
    "2010-06-30": {
        "Diluted EPS": -4.79,
        "Total Revenue": 407,
        "Gross Profit": 142,
        "Operating Income": 52,
        "EBIT": 52,
        "Net Income": -77
    },
    "2023-09-30": {
        "Tax Effect Of Unusual Items": -576400.0,
        "Tax Rate For Calcs": 0.262,
        "Normalized EBITDA": 81500000.0,
        "Total Unusual Items": -2200000.0,
        "Total Unusual Items Excluding Goodwill": -2200000.0,
        "Net Income From Continuing Operation Net Minority Interest": 35200000.0,
        "Reconciled Depreciation": 21700000.0,
        "Reconciled Cost Of Revenue": 221500000.0,
        "EBITDA": 79300000.0,
        "EBIT": 57600000.0,
        "Net Interest Income": -9900000.0,
        "Interest Expense": 9900000.0,
        "Normalized Income": 36823600.0,
        "Net Income From Continuing And Discontinued Operation": 41400000.0,
        "Total Expenses": 336100000.0,
        "Total Operating Income As Reported": 60100000.0,
        "Diluted Average Shares": 176142000.0,
        "Basic Average Shares": 173276000.0,
        "Diluted EPS": 0.24,
        "Basic EPS": 0.24,
        "Diluted NI Availto Com Stockholders": 41400000.0,
        "Net Income Common Stockholders": 41400000.0,
        "Net Income": 41400000.0,
        "Net Income Including Noncontrolling Interests": 41400000.0,
        "Net Income Discontinuous Operations": 6200000.0,
        "Net Income Continuous Operations": 35200000.0,
        "Tax Provision": 12500000.0,
        "Pretax Income": 47700000.0,
        "Other Income Expense": -4700000.0,
        "Other Non Operating Income Expenses": -2500000.0,
        "Special Income Charges": -2200000.0,
        "Restructuring And Mergern Acquisition": 2200000.0,
        "Net Non Operating Interest Income Expense": -9900000.0,
        "Interest Expense Non Operating": 9900000.0,
        "Operating Income": 62300000.0,
        "Operating Expense": 107600000.0,
        "Depreciation Amortization Depletion Income Statement": 14700000.0,
        "Depreciation And Amortization In Income Statement": 14700000.0,
        "Amortization": 14700000.0,
        "Amortization Of Intangibles Income Statement": 14700000.0,
        "Selling General And Administration": 92900000.0,
        "Gross Profit": 169900000.0,
        "Cost Of Revenue": 228500000.0,
        "Total Revenue": 398400000.0,
        "Operating Revenue": 398400000.0
    }
}